@article{Buckingham2019,
    title = {{"It has cost me a lot to adapt to here": The Divergence of Real Acculturation From Ideal Acculturation Impacts Latinx Immigrants' Psychosocial Wellbeing}},
    year = {2019},
    journal = {American Journal of Orthopsychiatry},
    author = {Buckingham, Sara L. and Suarez-Pedraza, M. Cecilia},
    number = {4},
    pages = {406--419},
    volume = {89},
    doi = {10.1037/ort0000329},
    issn = {19390025},
    keywords = {Acculturation, Acculturative stress, Latinx immigrants, Wellbeing}
}

@article{Akram-Pall2016,
    title = {{'Loss and fear': Acculturation stresses leading to depression in South Asian Muslim immigrants in Toronto}},
    year = {2016},
    journal = {Canadian Journal of Counselling and Psychotherapy},
    author = {Akram-Pall, Saadia and Moodley, Roy},
    number = {3s},
    pages = {137--155},
    volume = {50},
    url = {https://journalhosting.ucalgary.ca/index.php/rcc/article/view/61055},
    issn = {1923-6182},
    keywords = {Muslims, South Asians, acculturation, acculturation hardships, depression, immigrants, multicultural counselling}
}

@article{Jang2007,
    title = {{A bidimensional model of acculturation for Korean American older adults}},
    year = {2007},
    journal = {Journal of Aging Studies},
    author = {Jang, Yuri and Kim, Giyeon and Chiriboga, David and King-Kallimanis, Bellinda},
    number = {3},
    pages = {267--275},
    volume = {21},
    doi = {10.1016/j.jaging.2006.10.004},
    issn = {08904065},
    keywords = {Bidimensional model of acculturation, Korean American older adults}
}

@article{Martinez1984,
    title = {{A Children's Hispanic Background Scale}},
    year = {1984},
    journal = {Hispanic Journal of Behavioral Sciences},
    author = {Martinez, Ricardo and Norman, Ralph D. and Delaney, Harold D.},
    number = {2},
    month = {6},
    pages = {103--112},
    volume = {6},
    url = {http://hjb.sagepub.com.proxy.lib.umich.edu/content/9/2/183.full.pdf+html http://journals.sagepub.com/doi/10.1177/07399863840062001},
    isbn = {0893-3200},
    doi = {10.1177/07399863840062001},
    issn = {0739-9863},
    pmid = {803973233},
    arxivId = {0803973233}
}

@article{McKelvey1996,
    title = {{A comparative study of Vietnamese Amerasians, their non-Amerasian siblings, and unrelated, like-aged Vietnamese immigrants}},
    year = {1996},
    journal = {American Journal of Psychiatry},
    author = {McKelvey, Robert S. and Webb, John A.},
    number = {4},
    pages = {561--563},
    volume = {153},
    doi = {10.1176/ajp.153.4.561},
    issn = {0002953X}
}

@article{Berry2009a,
    title = {{A critique of critical acculturation}},
    year = {2009},
    journal = {International Journal of Intercultural Relations},
    author = {Berry, John W.},
    number = {5},
    pages = {361--371},
    volume = {33},
    doi = {10.1016/j.ijintrel.2009.06.003},
    issn = {01471767},
    keywords = {Human science, Knowledge, Understanding}
}

@phdthesis{Siwiec2012,
    title = {{A decade later: The mental health picture of Bosnian refugees living in the United States}},
    year = {2012},
    booktitle = {Journal of Controlled Release},
    author = {Siwiec, Azra Karajic},
    number = {August},
    pages = {315--322},
    school = {Pennsylvania State University},
    isbn = {6103544947}
}

@article{Birman2014,
    title = {{A Life Domains Perspective on Acculturation and Psychological Adjustment: A Study of Refugees from the Former Soviet Union}},
    year = {2014},
    journal = {American Journal of Community Psychology},
    author = {Birman, Dina and Simon, Corrina D. and Chan, Wing Yi and Tran, Nellie},
    number = {1-2},
    month = {3},
    pages = {60--72},
    volume = {53},
    url = {http://doi.wiley.com/10.1007/s10464-013-9614-2},
    doi = {10.1007/s10464-013-9614-2},
    issn = {00910562},
    keywords = {Acculturation, Immigrants, Life domains, Life satisfaction, Psychological adjustment, Refugees}
}

@article{Kim2001,
    title = {{A measure of acculturation for Italian Canadians: Scale development and construct validation}},
    year = {2001},
    journal = {International Journal of Intercultural Relations},
    author = {Kim, Chankon and Laroche, Michel and Tomiuk, Marc A.},
    number = {6},
    pages = {607--637},
    volume = {25},
    doi = {10.1016/S0147-1767(01)00028-1},
    issn = {01471767},
    keywords = {Acculturation, Changing ethnicity, Confirmatory factor analysis, Construct validation, Gender-role perceptions, Italian-canadian couples}
}

@article{Ramirez1986,
    title = {{A media-based acculturation scale for Mexican-Americans: application to public health education programs}},
    year = {1986},
    journal = {Family {\&} Community Health},
    author = {Ramirez, Amelie G. and Cousins, Jennifer H. and Santos, Yolanda and Supik, Josie D.},
    number = {3},
    month = {11},
    pages = {63--71},
    volume = {9},
    url = {http://journals.lww.com/00003727-198611000-00008},
    doi = {10.1097/00003727-198611000-00008},
    issn = {0160-6379}
}

@article{Tahseen2012,
    title = {{A multidimensional examination of the acculturation and psychological functioning of a sample of immigrant Chinese mothers in the US}},
    year = {2012},
    journal = {International Journal of Behavioral Development},
    author = {Tahseen, Madiha and Cheah, Charissa S.L.},
    number = {6},
    pages = {430--439},
    volume = {36},
    doi = {10.1177/0165025412448605},
    issn = {14640651},
    keywords = {acculturation, immigrant Chinese, parents, psychological functioning}
}

@article{Felix-Ortiz1994,
    title = {{A Multidimensional Measure of Cultural Identity for Latino and Latina Adolescents}},
    year = {1994},
    journal = {Hispanic Journal of Behavioral Sciences},
    author = {Felix-Ortiz, Maria and Newcomb, Michael D. and Myers, Hector},
    number = {2},
    month = {5},
    pages = {99--115},
    volume = {16},
    url = {http://journals.sagepub.com/doi/10.1177/07399863940162001},
    doi = {10.1177/07399863940162001},
    issn = {0739-9863}
}

@article{Marin1996,
    title = {{A New Measurement of Acculturation for Hispanics: The Bidimensional Acculturation Scale for Hispanics (BAS)}},
    year = {1996},
    journal = {Hispanic Journal of Behavioral Sciences},
    author = {Mar{\'{i}}n, Gerardo and Gamba, Raymond J.},
    number = {3},
    month = {8},
    pages = {297--316},
    volume = {18},
    url = {http://hjb.sagepub.com.proxy.lib.umich.edu/content/9/2/183.full.pdf+html http://journals.sagepub.com/doi/10.1177/07399863960183002},
    isbn = {0893-3200},
    doi = {10.1177/07399863960183002},
    issn = {0739-9863},
    pmid = {803973233},
    arxivId = {0803973233}
}

@article{Coatsworth2005,
    title = {{A person-centered and ecological investigation of acculturation strategies in Hispanic immigrant youth}},
    year = {2005},
    journal = {Journal of Community Psychology},
    author = {Coatsworth, J. Douglas and Maldonado-Molina, Mildred and Pantin, Hilda and Szapocznik, Jos√©},
    number = {2},
    month = {3},
    pages = {157--174},
    volume = {33},
    url = {http://doi.wiley.com/10.1002/jcop.20046},
    doi = {10.1002/jcop.20046},
    issn = {0090-4392}
}

@article{Guo2020,
    title = {{A personal character model of affect, behavior and cognition for individual-like research}},
    year = {2020},
    journal = {Computers and Electrical Engineering},
    author = {Guo, Ao and Ma, Jianhua and Sun, Guanqun and Tan, Shunxiang},
    pages = {106544},
    volume = {81},
    publisher = {Elsevier Ltd},
    url = {https://doi.org/10.1016/j.compeleceng.2019.106544},
    doi = {10.1016/j.compeleceng.2019.106544},
    issn = {00457906},
    keywords = {Affect, Behavior, Characteristics, Cognition, Humanoid, Individual-like, Model, Personal character, Relation}
}

@article{Boski2013,
    title = {{A Psychology of Economic Migration}},
    year = {2013},
    journal = {Journal of Cross-Cultural Psychology},
    author = {Boski, Pawel},
    number = {7},
    pages = {1067--1093},
    volume = {44},
    isbn = {0022022112},
    doi = {10.1177/0022022112471895},
    issn = {00220221},
    keywords = {Confucian morality, Poles and Slav people, Vietnamese, immigration, life-styles, personality change, subjective well-being, thrift-extravagance}
}

@article{Wallace2010,
    title = {{A Review of Acculturation Measures and Their Utility in Studies Promoting Latino Health.}},
    year = {2010},
    journal = {Hispanic journal of behavioral sciences},
    author = {Wallace, Phyllis M and Pomery, Elizabeth A and Latimer, Amy E and Martinez, Josefa L and Salovey, Peter},
    number = {1},
    month = {2},
    pages = {37--54},
    volume = {32},
    url = {https://www.ncbi.nlm.nih.gov/pmc/articles/PMC3624763/pdf/nihms412728.pdf http://www.ncbi.nlm.nih.gov/pubmed/20582238 http://www.pubmedcentral.nih.gov/articlerender.fcgi?artid=PMC2891555},
    isbn = {6176321972},
    doi = {10.1177/0739986309352341},
    issn = {0739-9863},
    pmid = {20582238},
    arxivId = {NIHMS150003},
    keywords = {epiblast, gfp fusion, histone h2b-, icm, lineage specification, live imaging, mouse blastocyst, pdgfr {$\alpha$}, primitive endoderm}
}

@article{Snowden1999,
    title = {{A scale to assess African American acculturation}},
    year = {1999},
    journal = {Journal of Black Psychology},
    author = {Snowden, Lonnie R. and Hines, Alice M.},
    number = {1},
    pages = {36--47},
    volume = {25},
    doi = {10.1177/0095798499025001003},
    issn = {00957984}
}

@article{Deyo1985,
    title = {{A simple language-based acculturation scale for Mexican Americans: Validation and application to health care research}},
    year = {1985},
    journal = {American Journal of Public Health},
    author = {Deyo, R. A. and Diehl, A. K. and Hazuda, H. and Stern, M. P.},
    number = {1},
    pages = {51--55},
    volume = {75},
    doi = {10.2105/AJPH.75.1.51},
    issn = {00900036},
    pmid = {3966599}
}

@article{Monzo2006,
    title = {{A Sociocultural Perspective on Acculturation}},
    year = {2006},
    journal = {Education and Urban Society},
    author = {Monz{\'{o}}, Lilia D. and Rueda, Robert},
    number = {2},
    month = {2},
    pages = {188--203},
    volume = {38},
    url = {http://journals.sagepub.com/doi/10.1177/0013124505284293},
    doi = {10.1177/0013124505284293},
    issn = {0013-1245},
    keywords = {Acculturation, Latino students, Sociocultural theory}
}

@article{Gonidakis2013,
    title = {{A study of acculturation in psychotic and non-psychotic immigrants living in Athens}},
    year = {2013},
    journal = {International Journal of Social Psychiatry},
    author = {Gonidakis, F. and Lembesi, E. and Kontaxakis, V. P. and Havaki-Kontaxaki, B. J. and Ploumpidis, D. and Madianos, M. and Papadimitriou, G. N.},
    number = {2},
    pages = {157--164},
    volume = {59},
    doi = {10.1177/0020764011430031},
    issn = {00207640},
    keywords = {Acculturation, immigration, psychosis, schizophrenia}
}

@phdthesis{Curran2003,
    title = {{A study of the acculturation and health of the Irish in Britain}},
    year = {2003},
    author = {Curran, Michael J.},
    pages = {244},
    school = {rinity College (Dublin, Ireland)}
}

@article{Richardson1967,
    title = {{A Theory and a Method for the Psychological Study of Assimilation}},
    year = {1967},
    journal = {International Migration Review},
    author = {Richardson, Alan},
    number = {1},
    pages = {3--30},
    volume = {2},
    url = {https://www.jstor.org/stable/3002604?origin=crossref},
    doi = {10.2307/3002604},
    issn = {01979183}
}

@article{CapieloRosario2019,
    title = {{Acculturated and acultura‚Äôos: Testing bidimensional acculturation across central Florida and island Puerto Ricans.}},
    year = {2019},
    journal = {Cultural Diversity and Ethnic Minority Psychology},
    author = {Capielo Rosario, Cristal√≠s and Lance, Charles E. and Delgado-Romero, Edward A. and Domenech Rodr{\'{i}}guez, Melanie M.},
    number = {2},
    pages = {152--169},
    volume = {25},
    doi = {10.1037/cdp0000221},
    issn = {1099-9809},
    keywords = {2005, acculturation, acculturation continues to be, an inconsistent predictor of, factor analysis, gamboa, have, hayes bautista, however, kahramanian, lara, latina, measurement invariance, morales, o health outcomes, puerto ricans, the construct continues to}
}

@article{Ertorer2016,
    title = {{Acculturating into the Canadian society: a case of Karen refugees}},
    year = {2016},
    journal = {Journal of Ethnic and Migration Studies},
    author = {Ertorer, Secil E.},
    number = {11},
    month = {9},
    pages = {1864--1884},
    volume = {42},
    url = {http://www.tandfonline.com/doi/full/10.1080/1369183X.2015.1128809},
    doi = {10.1080/1369183X.2015.1128809},
    issn = {1369-183X},
    keywords = {Acculturation, Karen refugees, assimilation, integration, resettlement, segregation}
}

@article{Ea2010,
    title = {{Acculturation among immigrant nurses in Israel and the United States of America}},
    year = {2010},
    journal = {International Nursing Review},
    author = {Ea, E. and Itzhaki, M. and Ehrenfeld, M. and Fitzpatrick, J.},
    number = {4},
    pages = {443--448},
    volume = {57},
    doi = {10.1111/j.1466-7657.2010.00812.x},
    issn = {00208132},
    keywords = {Acculturation, Filipino Registered Nurses, Former Soviet Union Nurses, Immigrant Nurses}
}

@article{Birman2002a,
    title = {{Acculturation and Adaptation of Soviet Jewish Refugee Adolescents: Predictors of Adjustment Across Life Domains}},
    year = {2002},
    journal = {American Journal of Community Psychology},
    author = {Birman, Dina and Trickett, Edison J. and Vinokurov, Andrey},
    number = {5},
    month = {10},
    pages = {585--607},
    volume = {30},
    url = {http://doi.wiley.com/10.1023/A:1016323213871},
    doi = {10.1023/A:1016323213871},
    issn = {00910562},
    keywords = {Acculturation, Adaptation, Assimilation, Biculturalism, Ecological, Immigrants, Jewish, Refugees, Russian, Soviet}
}

@article{Birman2002,
    title = {{Acculturation and adaptation of Soviet Jewish refugee adolescents: Predictors of adjustment across life domains}},
    year = {2002},
    journal = {American Journal of Community Psychology},
    author = {Birman, Dina and Trickett, Edison J. and Vinokurov, Andrey},
    number = {5},
    pages = {585--607},
    volume = {30},
    doi = {10.1023/A:1016323213871},
    issn = {00910562},
    pmid = {12188052},
    keywords = {Acculturation, Adaptation, Assimilation, Biculturalism, Ecological, Immigrants, Jewish, Refugees, Russian, Soviet}
}

@article{Ward1999,
    title = {{Acculturation and adaptation revisited}},
    year = {1999},
    journal = {Journal of Cross-Cultural Psychology},
    author = {Ward, Colleen and Rana-Deuba, Arzu},
    number = {4},
    pages = {422--442},
    volume = {30},
    doi = {10.1177/0022022199030004003},
    issn = {00220221}
}

@article{Jurcik2019,
    title = {{Acculturation and adjustment of migrants reporting trauma: The contextual effects of perceived ethnic density}},
    year = {2019},
    journal = {Journal of Community Psychology},
    author = {Jurcik, Tomas and Sunohara, Momoka and Yakobov, Esther and Solopieiva‚ÄêJurcikova, Ielyzaveta and Ahmed, Rana and Ryder, Andrew G.},
    number = {6},
    month = {7},
    pages = {1313--1328},
    volume = {47},
    publisher = {John Wiley {\&} Sons, Ltd},
    url = {http://dx.doi.org/10.1002/jcop.22183 https://onlinelibrary.wiley.com/doi/abs/10.1002/jcop.22183},
    doi = {10.1002/jcop.22183},
    issn = {0090-4392},
    keywords = {acculturation, adjustment, ethnic density, migrants, trauma}
}

@article{Hazuda1988,
    title = {{Acculturation and Assimilation among Mexican Americans: Scales and Population-Based Data}},
    year = {1988},
    journal = {Social science quarterly},
    author = {Hazuda, H. and Stern, M. and Haffner, S.},
    number = {3},
    pages = {687--706},
    volume = {69},
    url = {https://www.jstor.org/stable/42862446},
    issn = {0038-4941},
    keywords = {Acculturation, Behavior, Cultural Background, Demographic Factors, Developed Countries, Ethnic Groups, Hispanics, Measurement, Population, Population Characteristics, Psychosocial Factors, Reliability, Research Methodology, Sex Factors, Social Change, Sociocultural Factors, Sociometrics, Theoretical Models}
}

@article{VanDeVijver1999,
    title = {{Acculturation and cognitive performance of migrant children in the Netherlands}},
    year = {1999},
    journal = {International Journal of Psychology},
    author = {Van De Vijver, Fons J.R. and Helms-Lorenz, Michelle and Feltzer, Max J.A.},
    number = {3},
    pages = {149--162},
    volume = {34},
    doi = {10.1080/002075999399936},
    issn = {00207594}
}

@phdthesis{Sadeghi2019,
    title = {{Acculturation and dietary pattern among Iranian immigrants in the United States of America.}},
    year = {2019},
    booktitle = {Dissertation Abstracts International Section A: Humanities and Social Sciences},
    author = {Sadeghi, Elham},
    number = {1-A(E)},
    pages = {No-Specified},
    volume = {80},
    url = {http://ovidsp.ovid.com/ovidweb.cgi?T=JS&PAGE=reference&D=psyc14&NEWS=N&AN=2018-52506-104},
    issn = {0419-4209},
    keywords = {*Acculturation, *Eating Behavior, *Immigration}
}

@phdthesis{Maestas2000,
    title = {{Acculturation and ethnic identity measures for Latinos and Asian Americans: Analyses of methodology and psychometrics}},
    year = {2000},
    author = {Maestas, Michael V.},
    school = {University of Nebraska - Lincoln}
}

@article{Yakobov2019,
    title = {{Acculturation and expectations: Unpacking adjustment mechanisms within the Russian-speaking community in Montreal}},
    year = {2019},
    journal = {International Journal of Intercultural Relations},
    author = {Yakobov, Esther and Jurcik, Tomas and Solopieieva-Jurcikova, Ielyzaveta and Ryder, Andrew G.},
    number = {March 2018},
    month = {1},
    pages = {67--76},
    volume = {68},
    publisher = {Elsevier},
    url = {https://doi.org/10.1016/j.ijintrel.2018.11.001 https://linkinghub.elsevier.com/retrieve/pii/S0147176718301172},
    doi = {10.1016/j.ijintrel.2018.11.001},
    issn = {01471767},
    keywords = {Acculturation, Expectations, Immigrants, Personality, Psychological adjustment}
}

@article{Burnam1987,
    title = {{Acculturation and Lifetime Prevalence of Psychiatric Disorders Among Mexican Americans in Los Angeles}},
    year = {1987},
    journal = {Journal of Health and Social Behavior},
    author = {Burnam, M. Audrey and Hough, Richard L. and Karno, Marvin and Escobar, Javier I. and Telles, Cynthia A.},
    number = {1},
    month = {3},
    pages = {89},
    volume = {28},
    url = {http://www.jstor.org/stable/2137143?origin=crossref},
    doi = {10.2307/2137143},
    issn = {00221465},
    pmid = {3498453}
}

@article{Ying2012,
    title = {{Acculturation and Post-migration Stress in Middle-aged Chinese Immigrant Women in Philadelphia: Variation between the Fujianese and the non-Fujianese Women}},
    year = {2012},
    journal = {Journal of Human Behavior in the Social Environment},
    author = {Ying, Yu-Wen and Han, Meekyung and Tseng, Marilyn},
    number = {1},
    month = {1},
    pages = {20--38},
    volume = {22},
    url = {http://www.tandfonline.com/doi/abs/10.1080/15433714.2011.597303},
    doi = {10.1080/15433714.2011.597303},
    issn = {1091-1359},
    keywords = {Acculturation, Chinese immigrant women, Fujianese women, post-migration stress}
}

@article{Cheung1995,
    title = {{Acculturation and Psychiatric Morbidity Among Cambodian Refugees in New Zealand}},
    year = {1995},
    journal = {International Journal of Social Psychiatry},
    author = {Cheung, Peter},
    number = {2},
    month = {6},
    pages = {108--119},
    volume = {41},
    url = {http://journals.sagepub.com/doi/10.1177/002076409504100204},
    doi = {10.1177/002076409504100204},
    issn = {0020-7640}
}

@article{Salo2015,
    title = {{Acculturation and Psychological Adjustment of Vietnamese Refugees: An Ecological Acculturation Framework}},
    year = {2015},
    journal = {American Journal of Community Psychology},
    author = {Salo, Corrina D. and Birman, Dina},
    number = {3-4},
    month = {12},
    pages = {395--407},
    volume = {56},
    publisher = {Springer US},
    url = {http://doi.wiley.com/10.1007/s10464-015-9760-9},
    doi = {10.1007/s10464-015-9760-9},
    issn = {00910562},
    keywords = {Acculturation, Life domain specificity, Occupation, Refugee, Social support}
}

@article{Salo2015a,
    title = {{Acculturation and Psychological Adjustment of Vietnamese Refugees: An Ecological Acculturation Framework}},
    year = {2015},
    journal = {American Journal of Community Psychology},
    author = {Salo, Corrina D. and Birman, Dina},
    number = {3-4},
    month = {12},
    pages = {395--407},
    volume = {56},
    publisher = {Springer US},
    url = {http://doi.wiley.com/10.1007/s10464-015-9760-9},
    doi = {10.1007/s10464-015-9760-9},
    issn = {00910562},
    keywords = {Acculturation, Life domain specificity, Occupation, Refugee, Social support}
}

@article{Birman2007,
    title = {{Acculturation and psychological distress among adolescent immigrants from the former Soviet Union: Exploring the mediating effect of family relationships.}},
    year = {2007},
    journal = {Cultural Diversity and Ethnic Minority Psychology},
    author = {Birman, Dina and Taylor-Ritzler, Tina},
    number = {4},
    pages = {337--346},
    volume = {13},
    url = {http://doi.apa.org/getdoi.cfm?doi=10.1037/1099-9809.13.4.337},
    doi = {10.1037/1099-9809.13.4.337},
    issn = {1939-0106},
    keywords = {acculturation, adjustment, adolescents, family relationships, immigrants}
}

@article{Hashemi2019,
    title = {{Acculturation and psychological well-being among Middle Eastern migrants in Australia: The mediating role of social support and perceived discrimination}},
    year = {2019},
    journal = {International Journal of Intercultural Relations},
    author = {Hashemi, Neda and Marzban, Maryam and Sebar, Bernadette and Harris, Neil},
    number = {April},
    month = {9},
    pages = {45--60},
    volume = {72},
    publisher = {Elsevier},
    url = {https://doi.org/10.1016/j.ijintrel.2019.07.002 https://linkinghub.elsevier.com/retrieve/pii/S0147176718305546},
    doi = {10.1016/j.ijintrel.2019.07.002},
    issn = {01471767},
    keywords = {Ethnic acculturation, Mainstream acculturation, Middle Eastern migrants in Australia, Perceived discrimination, Perceived social support, Psychological well-being}
}

@article{Tull2003,
    title = {{Acculturation and Psychosocial Stress Show Differential Relationships to Insulin Resistance (HOMA) and Body Fat Distribution in Two Groups of Blacks Living in the U.S. Virgin Islands (Journal of the National Medical Association (July 2003)95 (560}},
    year = {2003},
    journal = {Journal of the National Medical Association},
    author = {Tull, Eugene S. and Thurland, Anne and LaPorte, Ronald E. and Chambers, Earle C.},
    number = {10},
    pages = {560--569},
    volume = {95},
    issn = {00279684},
    pmid = {12911254},
    keywords = {acculturation, attempts to determine the, insulin resistance, psychosocial, reasons for pop-, risk have large-, stress, ulation differences in diabetes, virgin islands}
}

@phdthesis{Sung2011,
    title = {{Acculturation and Relational Family Values in Korean Immigrants}},
    year = {2011},
    author = {Sung, Soo Hyun},
    url = {http://www.ghbook.ir/index.php?name=ŸÅÿ±ŸáŸÜ⁄Ø Ÿà ÿ±ÿ≥ÿßŸÜŸá Ÿáÿß€å ŸÜŸà€åŸÜ&option=com_dbook&task=readonline&book_id=13650&page=73&chkhashk=ED9C9491B4&Itemid=218&lang=fa&tmpl=component},
    school = {Bryn Mawr College},
    isbn = {9780763792381}
}

@phdthesis{Sekhon2008,
    title = {{Acculturation and school adapation of Somali Bantu refugee children.}},
    year = {2008},
    author = {Sekhon, Manbeena},
    keywords = {Acculturation, Bantu, Bantu children, Children, MANOVA, Refugee, School adaptation, Somali}
}

@article{Nguyen2017,
    title = {{Acculturation and severity of depression among first-generation Vietnamese outpatients in Germany}},
    year = {2017},
    journal = {International Journal of Social Psychiatry},
    author = {Nguyen, Main Huong and Hahn, Eric and Wingenfeld, Katja and Graef-Calliess, Iris T. and von Poser, Anita and Stopsack, Malte and Burian, Hannah and Dreher, Annegret and Wolf, Simon and Dettling, Michael and Burian, Ronald and Diefenbacher, Albert and Ta, Thi Minh Tam},
    number = {8},
    pages = {708--716},
    volume = {63},
    doi = {10.1177/0020764017735140},
    issn = {17412854},
    keywords = {Acculturation, Vietnamese patients, depression, integration, marginalization, migrants}
}

@article{Kovacev2004,
    title = {{Acculturation and social support in relation to psychosocial adjustment of adolescent refugees resettled in Australia}},
    year = {2004},
    journal = {International Journal of Behavioral Development},
    author = {Kovacev, Lydia and Shute, Rosalyn},
    number = {3},
    month = {5},
    pages = {259--267},
    volume = {28},
    url = {http://journals.sagepub.com/doi/10.1080/01650250344000497},
    isbn = {0165025034},
    doi = {10.1080/01650250344000497},
    issn = {0165-0254}
}

@article{Koydemir2013,
    title = {{Acculturation and subjective well-being: the case of Turkish ethnic youth in Germany}},
    year = {2013},
    journal = {Journal of Youth Studies},
    author = {Koydemir, Selda},
    number = {4},
    month = {6},
    pages = {460--473},
    volume = {16},
    url = {http://www.tandfonline.com/doi/abs/10.1080/13676261.2012.725838},
    doi = {10.1080/13676261.2012.725838},
    issn = {1367-6261},
    keywords = {Turkish minority youth, cultural identification, dual identification, immigrant youth, life satisfaction, positive and negative affect, subjective well-being}
}

@article{Eylem2019,
    title = {{Acculturation and suicidal ideation among Turkish migrants in the Netherlands‚ú∞}},
    year = {2019},
    journal = {Psychiatry Research},
    author = {Eylem, Ozlem and Dal·∏°ar, ƒ∞lker and ƒ∞nce, Bur√ßin √únl√º and Tok, Firdevs and van Straten, Annemieke and de Wit, Leonore and Kerkhof, Ad.J.F.M. and Bhui, Kamaldeep},
    number = {January},
    month = {5},
    pages = {71--77},
    volume = {275},
    url = {https://linkinghub.elsevier.com/retrieve/pii/S0165178118317694},
    isbn = {0000000256},
    doi = {10.1016/j.psychres.2019.02.078},
    issn = {01651781},
    pmid = {30878859},
    keywords = {Hopelessness, Maintenance, Migration, Participation, Secure attachment, Turkish}
}

@article{Im2009,
    title = {{Acculturation and the Cancer Pain Experience}},
    year = {2009},
    journal = {Journal of Transcultural Nursing},
    author = {im, Eun ok and Ho, Tsung Han and Brown, Adama and Chee, Wonshik},
    number = {4},
    pages = {358--370},
    volume = {20},
    isbn = {1043659609},
    doi = {10.1177/1043659609334932},
    issn = {10436596},
    keywords = {Asian, Hispanic, acculturation, cancer pain}
}

@misc{Dona1994a,
    title = {{Acculturation Attitudes and Acculturative Stress of Central American Refugees}},
    year = {1994},
    booktitle = {International Journal of Psychology},
    author = {Don{\`{a}}, G. and Berry, J. W.},
    number = {1},
    pages = {57--70},
    volume = {29},
    doi = {10.1080/00207599408246532},
    issn = {1464066X}
}

@article{Dona1994,
    title = {{Acculturation Attitudes and Acculturative Stress of Central American Refugees}},
    year = {1994},
    journal = {International Journal of Psychology},
    author = {Don{\`{a}}, G. and Berry, J. W.},
    number = {1},
    pages = {57--70},
    volume = {29},
    isbn = {0020759940},
    doi = {10.1080/00207599408246532},
    issn = {1464066X}
}

@article{InoueT.1997,
    title = {{Acculturation attitudes and mental health of international students in their first year}},
    year = {1997},
    journal = {Japanese Journal of Psychology},
    author = {{Inoue, T.} and Ito, T.},
    number = {4},
    pages = {298--304},
    volume = {68},
    isbn = {9780874216561},
    doi = {10.4992/jjpsy.68.298},
    issn = {0717-6163},
    pmid = {15003161},
    arxivId = {arXiv:1011.1669v3},
    keywords = {Bott}
}

@article{Eshel2000,
    title = {{Acculturation attitudes and sociocultural adjustment of sojourner youth in israel}},
    year = {2000},
    journal = {Journal of Social Psychology},
    author = {Eshel, Yohanan and Rosenthal-sokolov, Marianna},
    number = {6},
    pages = {677--691},
    volume = {140},
    doi = {10.1080/00224540009600509},
    issn = {19401183},
    pmid = {11195720},
    keywords = {Acculturation, Adjustment, Israeli society, Sojourner youth}
}

@article{Berry1989,
    title = {{Acculturation Attitudes in Plural Societies}},
    year = {1989},
    journal = {Applied Psychology},
    author = {Berry, John W. and Kim, U. and Power, S. and Young, M. and Bujaki, M.},
    number = {2},
    pages = {185--206},
    volume = {38},
    doi = {10.1111/j.1464-0597.1989.tb01208.x}
}

@misc{Kosic2002b,
    title = {{Acculturation attitudes, need for cognitive closure, and adaptation of immigrants}},
    year = {2002},
    booktitle = {Journal of Social Psychology},
    author = {Kosic, Ankica},
    number = {2},
    pages = {179--201},
    volume = {142},
    doi = {10.1080/00224540209603894},
    issn = {19401183},
    keywords = {Acculturation attitudes, Acculturation strategies, Croatian immigrants to Italy, Need for cognitive closure, Polish immigrants to Italy, Psychological adaptation, Sociological adaptation}
}

@article{Kosic2002,
    title = {{Acculturation attitudes, need for cognitive closure, and adaptation of immigrants}},
    year = {2002},
    journal = {Journal of Social Psychology},
    author = {Kosic, Ankica},
    number = {2},
    pages = {179--201},
    volume = {142},
    isbn = {0022454020960},
    doi = {10.1080/00224540209603894},
    issn = {19401183},
    keywords = {Acculturation attitudes, Acculturation strategies, Croatian immigrants to Italy, Need for cognitive closure, Polish immigrants to Italy, Psychological adaptation, Sociological adaptation}
}

@article{Kosic2002a,
    title = {{Acculturation Attitudes, Need for Cognitive Closure, and Adaptation of Immigrants}},
    year = {2002},
    journal = {The Journal of Social Psychology},
    author = {Kosic, Ankica},
    number = {2},
    month = {4},
    pages = {179--201},
    volume = {142},
    url = {http://www.tandfonline.com/doi/abs/10.1080/00224540209603894},
    doi = {10.1080/00224540209603894},
    issn = {0022-4545},
    keywords = {Acculturation attitudes, Acculturation strategies, Croatian immigrants to Italy, Need for cognitive closure, Polish immigrants to Italy, Psychological adaptation, Sociological adaptation}
}

@article{Arends-Toth2007,
    title = {{Acculturation Attitudes: A Comparison of Measurement Methods}},
    year = {2007},
    journal = {Journal of Applied Social Psychology},
    author = {Arends-T{\'{o}}th, Judit and van de Vijver, Fons J. R.},
    number = {7},
    month = {7},
    pages = {1462--1488},
    volume = {37},
    url = {http://scholar.google.com/scholar?hl=en&btnG=Search&q=intitle:Water+and+the+Future+of+Life+on+Earth#3 http://doi.wiley.com/10.1111/j.1559-1816.2007.00222.x},
    doi = {10.1111/j.1559-1816.2007.00222.x},
    issn = {0021-9029}
}

@article{Sundram2008,
    title = {{Acculturation is associated with the prevalence of tardive dyskinesia and akathisia in community-treated patients with schizophrenia}},
    year = {2008},
    journal = {Acta Psychiatrica Scandinavica},
    author = {Sundram, S. and Lambert, T. and Piskulic, D.},
    number = {6},
    pages = {474--478},
    volume = {117},
    doi = {10.1111/j.1600-0447.2008.01183.x},
    issn = {0001690X},
    keywords = {Acculturation, Antipsychotic drug-induced movement disorders, Ethnicity, Schizophrenia, Tardive dyskinesia}
}

@article{Safdar2009,
    title = {{Acculturation of iranians in the United States, the United Kingdom, and the Netherlands: A test of the multidimensional individual difference acculturation (MIDA) model}},
    year = {2009},
    journal = {Journal of Cross-Cultural Psychology},
    author = {Safdar, Saba and Struthers, Ward and Van Oudenhoven, Jan Pieter},
    number = {3},
    pages = {468--491},
    volume = {40},
    doi = {10.1177/0022022108330990},
    issn = {00220221},
    keywords = {Acculturation, Iranian immigrants, MIDA model}
}

@article{Gungor2013,
    title = {{Acculturation of Personality: A Three-Culture Study of Japanese, Japanese Americans, and European Americans}},
    year = {2013},
    journal = {Journal of Cross-Cultural Psychology},
    author = {G{\"{u}}ng{\"{o}}r, Derya and Bornstein, Marc H. and De Leersnyder, Jozefien and Cote, Linda and Ceulemans, Eva and Mesquita, Batja},
    number = {5},
    pages = {701--718},
    volume = {44},
    isbn = {0022022112},
    doi = {10.1177/0022022112470749},
    issn = {00220221},
    keywords = {Japanese Americans, acculturation, cultural fit, personality}
}

@article{Ghuman2000,
    title = {{Acculturation of South Asian adolescents in Australia}},
    year = {2000},
    journal = {British Journal of Educational Psychology},
    author = {Ghuman, Paul A.Singh},
    number = {3},
    pages = {305--316},
    volume = {70},
    doi = {10.1348/000709900158128},
    issn = {00070998},
    pmid = {11059113}
}

@article{Marino2000,
    title = {{Acculturation of values and behavior: A study of Vietnamese immigrants}},
    year = {2000},
    journal = {Measurement and Evaluation in Counseling and Development},
    author = {Mari{\~{n}}o, Rodrigo and Stuart, Geoffrey W. and Minas, I. Harry},
    number = {1},
    pages = {21--41},
    volume = {33},
    doi = {10.1080/07481756.2000.12068994},
    issn = {07481756}
}

@article{Titzmann2012,
    title = {{Acculturation or Development? Autonomy Expectations Among Ethnic German Immigrant Adolescents and Their Native German Age-Mates}},
    year = {2012},
    journal = {Child Development},
    author = {Titzmann, Peter F. and Silbereisen, Rainer K.},
    number = {5},
    month = {9},
    pages = {1640--1654},
    volume = {83},
    url = {http://doi.wiley.com/10.1111/j.1467-8624.2012.01799.x},
    doi = {10.1111/j.1467-8624.2012.01799.x},
    issn = {00093920}
}

@article{Bourhis2009,
    title = {{Acculturation Orientations and Social Relations Between Immigrant and Host Community Members in California}},
    year = {2009},
    journal = {Journal of Cross-Cultural Psychology},
    author = {Bourhis, Richard Y and Barrette, Genevi√®ve and El-Geledi, Shaha and Schmidt, Ronald},
    number = {3},
    month = {5},
    pages = {443--467},
    volume = {40},
    url = {http://journals.sagepub.com/doi/10.1177/0022022108330988},
    doi = {10.1177/0022022108330988},
    issn = {0022-0221},
    keywords = {acculturation, african americans, americans, asian immigrants, european, hispanic immigrants, host community, immigrant, interactive acculturation model}
}

@article{Barrette2004,
    title = {{Acculturation orientations of French and North African undergraduates in Paris}},
    year = {2004},
    journal = {International Journal of Intercultural Relations},
    author = {Barrette, Genevi√®ve and Bourhis, Richard Y. and Personnaz, Marie and Personnaz, Bernard},
    number = {5},
    pages = {415--438},
    volume = {28},
    doi = {10.1016/j.ijintrel.2004.08.003},
    issn = {01471767},
    keywords = {Acculturation, France, French, Immigrant, Interactive acculturation model, North African}
}

@article{Ben-Shalom2003,
    title = {{Acculturation orientations: A facet theory perspective on the bidimensional model}},
    year = {2003},
    journal = {Journal of Cross-Cultural Psychology},
    author = {Ben-Shalom, Uzi and Horenczyk, Gabriel},
    number = {2},
    pages = {176--188},
    volume = {34},
    doi = {10.1177/0022022102250249},
    issn = {00220221},
    keywords = {Acculturation, Cultural identity, Ethnic identity, Facet theory, Multidimensional scaling}
}

@article{Besevegis2008,
    title = {{Acculturation patterns and adaptation of immigrants in Greece}},
    year = {2008},
    journal = {Psychosocial Stress in Immigrants and in Members of Minority Groups as a Factor of Terrorist Behavior},
    author = {Besevegis, Elias and Pavlopoulos, Vassilis},
    number = {c},
    pages = {23--34},
    volume = {2008},
    isbn = {9781586038724},
    doi = {10.3233/978-1-58603-872-4-23},
    keywords = {acculturation, adaptation, immigration}
}

@article{Lopez-Rodriguez2016,
    title = {{Acculturation preferences and behavioural tendencies between majority and minority groups: The mediating role of emotions}},
    year = {2016},
    journal = {European Journal of Social Psychology},
    author = {L{\'{o}}pez-Rodr{\'{i}}guez, Luc√≠a and Cuadrado, Isabel and Navas, Marisol},
    number = {4},
    pages = {401--417},
    volume = {46},
    doi = {10.1002/ejsp.2181},
    issn = {10990992},
    keywords = {acculturation preferences, behavioural tendencies, intergroup emotions}
}

@article{Rania2019,
    title = {{Acculturation Process and Life Domains: Different Perceptions of Native and Immigrant Adults in Italy}},
    year = {2019},
    journal = {The Open Psychology Journal},
    author = {Rania, Nadia and Rebora, Stefania and Migliorini, Laura and Navas, Maria Soledad},
    number = {1},
    month = {2},
    pages = {55--65},
    volume = {12},
    url = {https://openpsychologyjournal.com/VOLUME/12/PAGE/55/},
    doi = {10.2174/1874350101912010055},
    issn = {1874-3501},
    keywords = {acculturation domains, acculturation strategies and attitudes, adults, immigrants and natives, raem, real plane}
}

@article{Cuadrado2018,
    title = {{Acculturation process in Romanian immigrants in Spain: The role of social support and perceived discrimination}},
    year = {2018},
    journal = {Current Psychology},
    author = {Cuadrado, Isabel and Garc{\'{i}}a-Ael, Cristina and Molero, Fernando and Recio, Patricia and P{\'{e}}rez-Gar{\'{i}}n, Daniel},
    month = {11},
    publisher = {Current Psychology},
    url = {http://link.springer.com/10.1007/s12144-018-0072-8},
    isbn = {1214401800728},
    doi = {10.1007/s12144-018-0072-8},
    issn = {1046-1310},
    keywords = {Acculturation, Perceived discrimination, Romanian immigrants, Social support}
}

@article{Cuellar1995a,
    title = {{Acculturation Rating Scale for Mexican Americans-II: A Revision of the Original ARSMA Scale}},
    year = {1995},
    journal = {Hispanic Journal of Behavioral Sciences},
    author = {Cuellar, Israel and Arnold, Bill and Maldonado, Roberto},
    number = {3},
    pages = {275--304},
    volume = {17},
    doi = {10.1177/07399863950173001},
    issn = {15526364}
}

@misc{Cuellar1980,
    title = {{Acculturation Rating Scale for Mexican-Americans (ARSMA, ARSMA-I) [Database record]}},
    year = {1980},
    author = {Cuellar, I. and Harris, L. C. and Jasso, R.},
    publisher = {APA PsycTests},
    doi = {10.1037/t08333-000}
}

@article{Neto2002,
    title = {{Acculturation strategies among adolescents from immigrant families in Portugal}},
    year = {2002},
    journal = {International Journal of Intercultural Relations},
    author = {Neto, F√©lix},
    number = {1},
    pages = {17--38},
    volume = {26},
    doi = {10.1016/S0147-1767(01)00036-0},
    issn = {01471767},
    keywords = {Acculturation, Adaptation, Adolescents, Ethnocultural groups, Immigration, Portugal}
}

@article{Pham2001,
    title = {{Acculturation strategies among Vietnamese-Americans}},
    year = {2001},
    journal = {International Journal of Intercultural Relations},
    author = {Pham, Thuy B. and Harris, Richard J.},
    number = {3},
    pages = {279--300},
    volume = {25},
    doi = {10.1016/S0147-1767(01)00004-9},
    issn = {01471767}
}

@article{Migliorini2016,
    title = {{Acculturation strategies and adjustment among immigrant and host Italian communities}},
    year = {2016},
    journal = {TPM - Testing, Psychometrics, Methodology in Applied Psychology},
    author = {Migliorini, Laura and Rania, Nadia and Cardinali, Paola},
    number = {1},
    pages = {99--112},
    volume = {23},
    doi = {10.4473/TPM23.1.7},
    issn = {19726325}
}

@article{Navas2007,
    title = {{Acculturation strategies and attitudes according to the Relative Acculturation Extended Model (RAEM): The perspectives of natives versus immigrants}},
    year = {2007},
    journal = {International Journal of Intercultural Relations},
    author = {Navas, Marisol and Rojas, Antonio J. and Garc{\'{i}}a, Mar√≠a and Pumares, Pablo},
    number = {1},
    month = {1},
    pages = {67--86},
    volume = {31},
    url = {https://linkinghub.elsevier.com/retrieve/pii/S0147176706000617},
    doi = {10.1016/j.ijintrel.2006.08.002},
    issn = {01471767},
    keywords = {Acculturation attitudes, Acculturation domains, Acculturation strategies, Immigrants-natives relations, Relative acculturation extended model}
}

@article{Luque2006,
    title = {{Acculturation strategies and attitudes of African immigrants in the south of Spain: Between reality and hope}},
    year = {2006},
    journal = {Cross-Cultural Research},
    author = {Luque, Marisol Navas and Fern{\'{a}}ndez, Mar√≠a Del Carmen Garc√≠a and Tejada, Antonio Jos√© Rojas},
    number = {4},
    pages = {331--351},
    volume = {40},
    isbn = {1069397105},
    doi = {10.1177/1069397105283405},
    issn = {10693971},
    keywords = {Acculturation attitudes, Acculturation strategies, Areas of acculturation, Immigrants}
}

@article{Kosic2004a,
    title = {{Acculturation strategies, coping process and acculturative stress}},
    year = {2004},
    journal = {Scandinavian Journal of Psychology},
    author = {Kosic, Ankica},
    number = {4},
    pages = {269--278},
    volume = {45},
    doi = {10.1111/j.1467-9450.2004.00405.x},
    issn = {00365564},
    keywords = {Acculturation strategies, Acculturative stress, Coping, Immigrants}
}

@article{Ramdhonee2012,
    title = {{Acculturation Strategies, Personality Traits and Acculturation Stress: A Study of First Generation Immigrants from Transnational Marital Context}},
    year = {2012},
    journal = {Psychology and Developing Societies},
    author = {Ramdhonee, Karishma and Bhowon, Uma},
    number = {2},
    pages = {125--143},
    volume = {24},
    doi = {10.1177/097133361202400202},
    issn = {09713336},
    keywords = {Acculturation strategies, acculturation stress, integration, marginalisation, personality}
}

@article{Ward1994,
    title = {{Acculturation strategies, psychological adjustment, and sociocultural competence during cross-cultural transitions}},
    year = {1994},
    journal = {International Journal of Intercultural Relations},
    author = {Ward, Colleen and Kennedy, Antony},
    number = {3},
    month = {6},
    pages = {329--343},
    volume = {18},
    url = {http://www.sciencedirect.com/science/article/pii/0147176794900361 https://linkinghub.elsevier.com/retrieve/pii/0147176794900361},
    doi = {10.1016/0147-1767(94)90036-1},
    issn = {01471767}
}

@article{Elbe2018,
    title = {{Acculturation through sport: Different contexts different meanings}},
    year = {2018},
    journal = {International Journal of Sport and Exercise Psychology},
    author = {Elbe, Anne-Marie and Hatzigeorgiadis, Antonis and Morela, Eleftheria and Ries, Francis and Kouli, Olga and Sanchez, Xavier},
    number = {2},
    month = {3},
    pages = {178--190},
    volume = {16},
    publisher = {Taylor {\&} Francis},
    url = {https://www.tandfonline.com/doi/full/10.1080/1612197X.2016.1187654},
    doi = {10.1080/1612197X.2016.1187654},
    issn = {1612-197X},
    keywords = {ethnic and cultural identity, motivational environment, multicultural groups, social integration}
}

@article{Yang2018,
    title = {{Acculturation Versus Cultural Retention: The Interactive Impact of Acculturation and Co-ethnic Ties on Substance Use Among Chinese Students in the United States}},
    year = {2018},
    journal = {Journal of Immigrant and Minority Health},
    author = {Yang, Xiaozhao Yousef and Yang, Fenggang},
    number = {3},
    month = {6},
    pages = {546--560},
    volume = {20},
    publisher = {Springer US},
    url = {http://link.springer.com/10.1007/s10903-017-0598-0},
    isbn = {0123456789},
    doi = {10.1007/s10903-017-0598-0},
    issn = {1557-1912},
    keywords = {Acculturation, Acculturative stress, Chinese immigrant, Co-ethnic community, Drinking, Smoking}
}

@article{Bostean2018,
    title = {{Acculturation, acculturative stressors, and family relationships among Latina/o immigrants}},
    year = {2018},
    journal = {Cultural Diversity and Ethnic Minority Psychology},
    author = {Bostean, Georgiana and Gillespie, Brian Joseph},
    number = {1},
    pages = {126--138},
    volume = {24},
    doi = {10.1037/cdp0000169},
    issn = {19390106},
    keywords = {Acculturation, Acculturative stress, Family relationships, Latina/os, Migration}
}

@article{Cobb2017,
    title = {{Acculturation, discrimination, and depression among unauthorized latinos/as in the United States}},
    year = {2017},
    journal = {Cultural Diversity and Ethnic Minority Psychology},
    author = {Cobb, Cory L. and Xie, Dong and Meca, Alan and Schwartz, Seth J.},
    number = {2},
    pages = {258--268},
    volume = {23},
    doi = {10.1037/cdp0000118},
    issn = {19390106},
    pmid = {27429063},
    keywords = {Acculturation, Depression, Discrimination, Immigrant, Undocumented Latinoa}
}

@article{Romano2005,
    title = {{Acculturation, Income, Education, Safety Belt Use, and Fatal Motor Vehicle Crashes in California}},
    year = {2005},
    journal = {Prevention Science},
    author = {Romano, Eduardo and Tippetts, Scott and Blackman, Kenneth and Voas, Robert},
    number = {2},
    month = {6},
    pages = {139--148},
    volume = {6},
    url = {http://link.springer.com/10.1007/s11121-005-3412-5},
    doi = {10.1007/s11121-005-3412-5},
    issn = {1389-4986},
    keywords = {Acculturation, FARS, Safety belt}
}

@article{Buddington2002,
    title = {{Acculturation, psychological adjustment (stress, depression, self-esteem) and the academic achievement of Jamaican immigrant college students}},
    year = {2002},
    journal = {International Social Work},
    author = {Buddington, Steve A},
    number = {4},
    month = {7},
    pages = {447--464},
    volume = {45},
    url = {http://journals.sagepub.com/doi/10.1177/00208728020450040401},
    doi = {10.1177/00208728020450040401},
    issn = {0020-8728}
}

@article{MagnetdeSaissy2009,
    title = {{Acculturation, self-efficacy and social support among Chinese immigrants in Northern Ireland}},
    year = {2009},
    journal = {International Journal of Intercultural Relations},
    author = {Magnet de Saissy, Cherry Katherine},
    number = {4},
    month = {7},
    pages = {291--300},
    volume = {33},
    url = {https://linkinghub.elsevier.com/retrieve/pii/S0147176709000273},
    doi = {10.1016/j.ijintrel.2009.04.002},
    issn = {01471767},
    keywords = {Acculturation, Chinese, Collectivistic, Immigrants, Northern Ireland, Segregation, Self-efficacy, Social support}
}

@article{Yoon2008,
    title = {{Acculturation, Social Connectedness, and Subjective Well-Being}},
    year = {2008},
    journal = {Cultural Diversity and Ethnic Minority Psychology},
    author = {Yoon, Eunju and Lee, Richard M. and Goh, Michael},
    number = {3},
    pages = {246--255},
    volume = {14},
    doi = {10.1037/1099-9809.14.3.246},
    issn = {10999809},
    pmid = {18624589},
    keywords = {acculturation, enculturation, immigrant, social connectedness, subjective well-being}
}

@article{Fitzgerald2006,
    title = {{Acculturation, socioeconomic status, obesity and lifestyle factors among low-income Puerto Rican women in Connecticut, U.S., 1998-1999}},
    year = {2006},
    journal = {Revista Panamericana de Salud P{\'{u}}blica},
    author = {Fitzgerald, Nurg√ºl and Himmelgreen, David and Damio, Grace and Segura-P{\'{e}}rez, Sofia and Peng, Yu-Kuei and P{\'{e}}rez-Escamilla, Rafael},
    number = {5},
    month = {5},
    pages = {306--313},
    volume = {19},
    url = {http://www.scielosp.org/scielo.php?script=sci_arttext&pid=S1020-49892006000500003&lng=en&nrm=iso&tlng=en},
    doi = {10.1590/S1020-49892006000500003},
    issn = {1020-4989},
    pmid = {16805972},
    keywords = {Acculturation, Cardiovascular diseases, Diabetes mellitus, Hispanic Americans, Obesity, Physical activity, Socioeconomic status, Women}
}

@article{Oh2002,
    title = {{Acculturation, Stress, and Depressive Symptoms Among Korean Immigrants in the United States}},
    year = {2002},
    journal = {The Journal of Social Psychology},
    author = {Oh, Yunjin and Koeske, Gary F. and Sales, Esther},
    number = {4},
    month = {8},
    pages = {511--526},
    volume = {142},
    url = {http://www.tandfonline.com/doi/abs/10.1080/00224540209603915},
    doi = {10.1080/00224540209603915},
    issn = {0022-4545},
    keywords = {5 million people in, acculturation, decades has been the, depression, in 1980, more than 3, numbers of asian immigrants, one of the most, significant demographic developments in, stress, substantial increase in the, the last few, the united states, the united states were, to}
}

@article{Berry2005,
    title = {{Acculturation: Living successfully in two cultures}},
    year = {2005},
    journal = {International Journal of Intercultural Relations},
    author = {Berry, John W.},
    number = {6},
    month = {11},
    pages = {697--712},
    volume = {29},
    url = {http://linkinghub.elsevier.com/retrieve/pii/S014717670500132X},
    doi = {10.1016/j.ijintrel.2005.07.013},
    pmid = {21489670}
}

@article{Sam2010,
    title = {{Acculturation: When Individuals and Groups of Different Cultural Backgrounds Meet}},
    year = {2010},
    journal = {Perspectives on Psychological Science},
    author = {Sam, David L. and Berry, John W.},
    number = {4},
    month = {7},
    pages = {472--481},
    volume = {5},
    url = {http://journals.sagepub.com/doi/10.1177/1745691610373075},
    isbn = {1745-6916},
    doi = {10.1177/1745691610373075},
    issn = {1745-6916},
    pmid = {26162193},
    keywords = {Acculturation, Acculturation strategies, Acculturative stress, Cultural learning, Development, Psychological adaptation, Sociocultural adaptation}
}

@article{Torres2004,
    title = {{Acculturative Distress Among Hispanics: The Role of Acculturation, Coping, and Intercultural Competence}},
    year = {2004},
    journal = {Journal of Multicultural Counseling and Development},
    author = {Torres, Lucas and Rollock, David},
    number = {3},
    month = {7},
    pages = {155--167},
    volume = {32},
    url = {http://doi.wiley.com/10.1002/j.2161-1912.2004.tb00368.x},
    doi = {10.1002/j.2161-1912.2004.tb00368.x},
    issn = {08838534}
}

@article{Vinokurov2002,
    title = {{Acculturative hassles and immigrant adolescents: A life-domain assessment for soviet jewish refugees}},
    year = {2002},
    journal = {Journal of Social Psychology},
    author = {Vinokurov, Andrey and Trickett, Edison J. and Birman, Dina},
    number = {4},
    pages = {425--445},
    volume = {142},
    doi = {10.1080/00224540209603910},
    issn = {19401183},
    pmid = {12153121},
    keywords = {Acculturative hassles, Adolescents, Life domains, Soviet jewish refugees, United States}
}

@article{Sam1995,
    title = {{Acculturative stress among young immigrants in Norway}},
    year = {1995},
    journal = {Scandinavian Journal of Psychology},
    author = {Sam, David L. and Berry, John W.},
    number = {1},
    pages = {10--24},
    volume = {36},
    doi = {10.1111/j.1467-9450.1995.tb00964.x},
    issn = {14679450},
    pmid = {7725073},
    keywords = {acculturation, children, emotional disorders, immigrants}
}

@article{Rhee2017,
    title = {{Acculturative Stress and Depressive Symptoms Among Korean Immigrant Elders Residing in Non-Korean Ethnic Enclaves}},
    year = {2017},
    journal = {Journal of Ethnic and Cultural Diversity in Social Work},
    author = {Rhee, Stephanie L.},
    number = {4},
    pages = {347--365},
    volume = {26},
    publisher = {Routledge},
    url = {http://dx.doi.org/10.1080/15313204.2016.1242101},
    doi = {10.1080/15313204.2016.1242101},
    issn = {15313212},
    keywords = {Acculturative stress, Korean immigrant elders, depressive symptoms, non-Korean ethnic enclaves}
}

@article{Hernandez2011,
    title = {{Acculturative Stress in Latin-American Immigrants: An Assessment Proposal}},
    year = {2011},
    journal = {The Spanish journal of psychology},
    author = {Hern{\'{a}}ndez, Jos√© Antonio Ruiz and Hern{\'{a}}ndez, Ginesa Torrente and Gonz{\'{a}}lez, √Ångel Rodr√≠guez and de la Fe, Mar√≠a del Carmen Ram√≠rez},
    number = {1},
    month = {5},
    pages = {227--236},
    volume = {14},
    url = {https://www.cambridge.org/core/product/identifier/S1138741600003371/type/journal_article},
    doi = {10.5209/rev{\_}SJOP.2011.v14.n1.20},
    issn = {1138-7416},
    keywords = {Adequacy, Cooperatives, Eligibility criteria, Mutualism, Tax shelters}
}

@article{Lee2018,
    title = {{Acculturative Stress, Social Problem Solving, and Depressive Symptoms among Korean American Immigrants}},
    year = {2018},
    journal = {Transcultural Psychiatry},
    author = {Lee, Minsun and Nezu, Arthur M. and Nezu, Christine Maguth},
    number = {5},
    pages = {710--729},
    volume = {55},
    doi = {10.1177/1363461518792734},
    issn = {14617471},
    keywords = {Korean American immigrants, acculturation, acculturative stress, depressive symptoms, social problem solving}
}

@article{Okahaabwa2017,
    title = {{Adaptation and Coping among East African Immigrants in North America}},
    year = {2017},
    journal = {African Journal of Clinical Psychology Copyright 2017 by School of Human {\&} Social Sciences},
    author = {Okahaabwa, Gooreka},
    pages = {100},
    volume = {1},
    url = {https://www.daystar.ac.ke/ajcp/downloads/articles/Adaptation and Coping among East African Immigrants in North America.pdf},
    keywords = {East Africans, acculturation, adaptation, adjustment Introduction and background, coping, immigration}
}

@article{Masuda1980,
    title = {{Adaptation Problems of Vietnamese Refugees}},
    year = {1980},
    journal = {Archives of General Psychiatry},
    author = {Masuda, Minoru},
    number = {4},
    month = {4},
    pages = {447},
    volume = {37},
    url = {http://archpsyc.jamanetwork.com/article.aspx?doi=10.1001/archpsyc.1980.01780170089010},
    doi = {10.1001/archpsyc.1980.01780170089010},
    issn = {0003-990X}
}

@article{Cruz2000,
    title = {{Adapting a Measure of Acculturation for Cross-Cultural Research}},
    year = {2000},
    journal = {Journal of Transcultural Nursing},
    author = {Cruz, Felicitas A. Dela and Padilla, Geraldine V. and Agustin, Elaine O},
    number = {3},
    month = {6},
    pages = {191--198},
    volume = {11},
    url = {http://journals.sagepub.com/doi/10.1177/104365960001100305},
    doi = {10.1177/104365960001100305},
    issn = {1043-6596}
}

@article{Cruz2000a,
    title = {{Adapting a Measure of Acculturation for Cross-Cultural Research}},
    year = {2000},
    journal = {Journal of Transcultural Nursing},
    author = {Cruz, Felicitas A. Dela and Padilla, Geraldine V. and Agustin, Elaine O},
    number = {3},
    month = {6},
    pages = {191--198},
    volume = {11},
    url = {http://journals.sagepub.com/doi/10.1177/104365960001100305},
    doi = {10.1177/104365960001100305},
    issn = {1043-6596}
}

@article{Vignes1979,
    title = {{Adjustment of a group of Vietnamese people to the United States}},
    year = {1979},
    journal = {American Journal of Psychiatry},
    author = {Vignes, A. J. and Hall, R. C.W.},
    number = {4 a},
    pages = {442--444},
    volume = {136},
    doi = {10.1176/ajp.1979.136.4a.442},
    issn = {0002953X}
}

@article{Maehler2019,
    title = {{Adults‚Äô Identity in Acculturation Settings: The Multigroup Ethnic {\&} National Identity Measure (MENI)}},
    year = {2019},
    journal = {Identity},
    author = {Maehler, D√©bora B. and Zabal, Anouk and Hanke, Katja},
    number = {4},
    pages = {245--257},
    volume = {19},
    publisher = {Routledge},
    url = {https://doi.org/10.1080/15283488.2019.1641408},
    doi = {10.1080/15283488.2019.1641408},
    issn = {1532706X},
    keywords = {Multigroup Ethnic {\&} National Identity Measure (MEN, Multigroup Ethnic Identity Measure‚ÄìRevised (MEIM‚ÄìR, acculturation, adults, identity scale, immigrant}
}

@incollection{Ward2019,
    title = {{Affect, Behavior, Cognition, and Development}},
    year = {2019},
    booktitle = {The Handbook of Culture and Psychology},
    author = {Ward, Colleen and Szab{\'{o}}, √Ågnes},
    editor = {Matsumoto, David and Hwang, Hyisung C.},
    number = {September},
    month = {7},
    pages = {640--692},
    publisher = {Oxford University Press},
    url = {https://oxford.universitypressscholarship.com/view/10.1093/oso/9780190679743.001.0001/oso-9780190679743-chapter-20},
    doi = {10.1093/oso/9780190679743.003.0020}
}

@article{Wilt2016,
    title = {{Affect, Behaviour, Cognition and Desire in the Big Five: An Analysis of Item Content and Structure}},
    year = {2015},
    journal = {European Journal of Personality},
    author = {Wilt, Joshua and Revelle, William},
    number = {4},
    month = {7},
    pages = {478--497},
    volume = {29},
    url = {http://journals.sagepub.com/doi/10.1002/per.2002},
    doi = {10.1002/per.2002},
    issn = {0890-2070}
}

@article{Roblain2017,
    title = {{After coming in, settling In: An analysis of early-stage acculturation preferences of male Syrian and Iraqi asylum seekers in Belgium}},
    year = {2017},
    journal = {International Review of Social Psychology},
    author = {Roblain, Antoine and Malki, Bachar and Azzi, Assaad and Licata, Laurent},
    number = {1},
    pages = {20--28},
    volume = {30},
    doi = {10.5334/irsp.49},
    issn = {23978570},
    keywords = {Acculturation, Asylum seekers, Migrant crisis, Refugees, Settlement intentions}
}

@article{Franco1983,
    title = {{An Acculturation Scale for Mexican-American Children}},
    year = {1983},
    journal = {The Journal of General Psychology},
    author = {Franco, Juan N.},
    number = {2},
    pages = {175--181},
    volume = {108},
    doi = {10.1080/00221309.1983.9711491},
    issn = {0022-1309}
}

@article{Anderson1993,
    title = {{An acculturation scale for Southeast Asians}},
    year = {1993},
    journal = {Social Psychiatry and Psychiatric Epidemiology},
    author = {Anderson, J. and Moeschberger, M. and Chen, M. S. and Kunn, P. and Wewers, M. E. and Guthrie, R.},
    number = {3},
    pages = {134--141},
    volume = {28},
    doi = {10.1007/BF00801744},
    issn = {09337954},
    pmid = {8378809}
}

@article{Haase2019,
    title = {{An ecological approach to psychological adjustment: A field survey among refugees in Germany}},
    year = {2019},
    journal = {International Journal of Intercultural Relations},
    author = {Haase, Anna and Rohmann, Anette and Hallmann, Katrin},
    number = {October 2018},
    month = {1},
    pages = {44--54},
    volume = {68},
    publisher = {Elsevier},
    url = {https://doi.org/10.1016/j.ijintrel.2018.10.003 https://linkinghub.elsevier.com/retrieve/pii/S0147176717300706},
    doi = {10.1016/j.ijintrel.2018.10.003},
    issn = {01471767},
    keywords = {Acculturation, Adjustment, Context, Discrimination, Refugees}
}

@article{Flannery2001,
    title = {{An empirical comparison of acculturation models}},
    year = {2001},
    journal = {Personality and Social Psychology Bulletin},
    author = {Flannery, Wm Peter and Reise, Steven P. and Yu, Jiajuan},
    number = {8},
    pages = {1035--1045},
    volume = {27},
    doi = {10.1177/0146167201278010},
    issn = {01461672}
}

@article{Mendoza1989,
    title = {{An Empirical Scale to Measure Type and Degree of Acculturation in Mexican American Adolescents and Adults}},
    year = {1989},
    journal = {Journal of Cross-Cultural Psychology},
    author = {Mendoza, Richard H.},
    number = {4},
    month = {12},
    pages = {372--385},
    volume = {20},
    url = {http://hjb.sagepub.com.proxy.lib.umich.edu/content/9/2/183.full.pdf+html http://journals.sagepub.com/doi/10.1177/0022022189204003},
    isbn = {0893-3200},
    doi = {10.1177/0022022189204003},
    issn = {0022-0221},
    pmid = {803973233},
    arxivId = {0803973233}
}

@phdthesis{Sankey2018,
    title = {{An Examination of the Relationship between Acculturation Level and PTSD among Central American Immigrants in the United States A dissertation presented to the faculty the College of Education of Ohio University In partial fulfillment of the requirements f}},
    year = {2018},
    author = {Sankey, Sarita Marie}
}

@article{Abbas2018,
    title = {{An exploratory study of acculturation among Muslims in Australia}},
    year = {2018},
    journal = {Social Identities},
    author = {Abbas, Mae and Sitharthan, Gomathi and Hough, Michael J. and Hossain, Syeda Zakia},
    number = {6},
    pages = {764--778},
    volume = {24},
    publisher = {Taylor {\&} Francis},
    url = {https://doi.org/10.1080/13504630.2018.1500279},
    doi = {10.1080/13504630.2018.1500279},
    issn = {13630296},
    keywords = {Acculturation, Australian Muslims, ethnic identity, generations, self-Identity}
}

@article{Beaupre2006a,
    title = {{An ingroup advantage for confidence in emotion recognition judgments: The moderating effect of familiarity with the expressions of outgroup members}},
    year = {2006},
    journal = {Personality and Social Psychology Bulletin},
    author = {Beaupr{\'{e}}, Martin G. and Hess, Ursula},
    number = {1},
    pages = {16--26},
    volume = {32},
    doi = {10.1177/0146167205277097},
    issn = {01461672},
    pmid = {16317185},
    keywords = {Confidence, Culture, Emotion, Facial expression, Recognition}
}

@article{Beaupre2006,
    title = {{An ingroup advantage for confidence in emotion recognition judgments: The moderating effect of familiarity with the expressions of outgroup members}},
    year = {2006},
    journal = {Personality and Social Psychology Bulletin},
    author = {Beaupr{\'{e}}, Martin G. and Hess, Ursula},
    number = {1},
    pages = {16--26},
    volume = {32},
    doi = {10.1177/0146167205277097},
    issn = {01461672},
    pmid = {16317185},
    keywords = {Confidence, Culture, Emotion, Facial expression, Recognition}
}

@article{Bhawuk2011,
    title = {{Anchoring Cognition, Emotion and Behaviour in Desire: A Model from the Bhagavad-G{\={i}}t{\={a}}}},
    year = {2011},
    journal = {Handbook of Indian Psychology},
    author = {Bhawuk, Dharm P. S.},
    pages = {390--413},
    doi = {10.1017/UPO9788175968448.022}
}

@article{GimChung2004,
    title = {{Asian American Multidimensional Acculturation Scale: Development, Factor Analysis, Reliability, and Validity}},
    year = {2004},
    journal = {Cultural Diversity and Ethnic Minority Psychology},
    author = {Gim Chung, Ruth H. and Kim, Bryan S.K. and Abreu, Jos√© M.},
    number = {1},
    pages = {66--80},
    volume = {10},
    doi = {10.1037/1099-9809.10.1.66},
    issn = {10999809},
    pmid = {14992631},
    keywords = {Acculturation, Asian American, Dentity, Pan-ethnicity}
}

@article{Mjelde-Mossey2005,
    title = {{Assessing tradition in Chinese elders living in a changing social environment: Implications for social work practice}},
    year = {2005},
    journal = {Journal of Human Behavior in the Social Environment},
    author = {Mjelde-Mossey, Lee Ann and Chi, Iris and Lou, Vivian W. Q.},
    number = {3-4},
    month = {10},
    pages = {41--57},
    volume = {11},
    url = {http://www.haworthpress.com/web/JHBSE http://www.tandfonline.com/doi/abs/10.1300/J137v11n03_03},
    doi = {10.1300/J137v11n03{\_}03},
    issn = {1091-1359}
}

@article{VandeVijver2004,
    title = {{Assessment in Multicultural Groups: The Role of Acculturation}},
    year = {2004},
    journal = {Applied Psychology},
    author = {van de Vijver, Fons J.R. and Phalet, Karen},
    number = {2},
    month = {4},
    pages = {215--236},
    volume = {53},
    url = {http://doi.wiley.com/10.1111/j.1464-0597.2004.00169.x},
    doi = {10.1111/j.1464-0597.2004.00169.x},
    issn = {0269-994X}
}

@article{Celenk2011,
    title = {{Assessment of Acculturation: Issues and Overview of Measures}},
    year = {2011},
    journal = {Online Readings in Psychology and Culture},
    author = {Celenk, Ozgur and Van de Vijver, Fons J.R.},
    number = {1},
    month = {12},
    pages = {1--22},
    volume = {8},
    url = {https://scholarworks.gvsu.edu/orpc/vol8/iss1/10},
    isbn = {9780984562701},
    doi = {10.9707/2307-0919.1105},
    issn = {2307-0919}
}

@incollection{Arends-Toth2006,
    title = {{Assessment of psychological acculturation}},
    year = {2006},
    booktitle = {The Cambridge Handbook of Acculturation Psychology},
    author = {Arends-T{\'{o}}th, Judit and van de Vijver, Fons J. R.},
    editor = {Sam, David L. and Berry, John W.},
    pages = {142--160},
    publisher = {Cambridge University Press},
    url = {https://www.cambridge.org/core/product/identifier/9780511489891%23c84924-573/type/book_part},
    address = {Cambridge},
    doi = {10.1017/CBO9780511489891.013}
}

@article{Ellison2011,
    title = {{Assessment of the short acculturation scale for hispanics (SASH) among low-income, immigrant hispanics}},
    year = {2011},
    journal = {Journal of Cancer Education},
    author = {Ellison, Jennie and Jandorf, Lina and Duhamel, Katherine},
    number = {3},
    pages = {478--483},
    volume = {26},
    doi = {10.1007/s13187-011-0233-z},
    issn = {08858195},
    keywords = {Acculturation, Hispanics, Scale}
}

@article{Ghuman1997,
    title = {{Assimilation or integration? A study of Asian adolescents}},
    year = {1997},
    journal = {Educational Research},
    author = {Ghuman, Paul A.Singh},
    number = {1},
    pages = {23--35},
    volume = {39},
    doi = {10.1080/0013188970390102},
    issn = {00131881},
    keywords = {Acculturation, Biculturalism, Identity, Integration, Religion, Traditionalism}
}

@article{Henkin2011,
    title = {{Association of depression, psycho-social stress and acculturation with respiratory disease among puerto rican adults in Massachusetts}},
    year = {2011},
    journal = {Journal of Immigrant and Minority Health},
    author = {Henkin, Stanislav and Tucker, Katherine L. and Gao, Xiang and Falcon, Luis M. and Qawi, Imrana and Brugge, Doug},
    number = {2},
    pages = {214--223},
    volume = {13},
    doi = {10.1007/s10903-009-9307-y},
    issn = {15571912},
    keywords = {Acculturation, Depression, Hispanics, Puerto Ricans, Respiratory disease, Stress}
}

@article{Polek2008,
    title = {{Attachment styles and demographic factors as predictors of sociocultural and psychological adjustment of Eastern European immigrants in the Netherlands}},
    year = {2008},
    journal = {International Journal of Psychology},
    author = {Polek, Elzbieta and Van Oudenhoven, Jan Pieter and Ten Berge, Jos M.F.},
    number = {5},
    pages = {919--928},
    volume = {43},
    doi = {10.1080/00207590701484835},
    issn = {00207594},
    pmid = {22022799}
}

@article{Maas2019,
    title = {{Autonomy‚ÄìConnectedness, Self-Construal, and Acculturation: Associations With Mental Health in a Multicultural Society}},
    year = {2019},
    journal = {Journal of Cross-Cultural Psychology},
    author = {Maas, J. and van Assen, M. A.L.M. and van Balkom, A. J.L.M. and Rutten, E. A.P. and Bekker, M. H.J.},
    number = {1},
    pages = {80--99},
    volume = {50},
    isbn = {0022022118808},
    doi = {10.1177/0022022118808924},
    issn = {15525422},
    keywords = {acculturation, anxiety, autonomy‚Äìconnectedness, depression, eating disorders, self-construal}
}

@article{Ward2012,
    title = {{Back to and beyond Berry's basics: The conceptualization, operationalization and classification of acculturation}},
    year = {2012},
    journal = {International Journal of Intercultural Relations},
    author = {Ward, Colleen and Kus, Larissa},
    number = {4},
    month = {7},
    pages = {472--485},
    volume = {36},
    publisher = {Elsevier Ltd},
    url = {http://dx.doi.org/10.1016/j.ijintrel.2012.02.002 https://linkinghub.elsevier.com/retrieve/pii/S014717671200020X},
    doi = {10.1016/j.ijintrel.2012.02.002},
    issn = {01471767},
    keywords = {Acculturation, Adaptation, Immigrants, Integration, Measurement}
}

@article{Celano1991,
    title = {{Behavioral Acculturation Among Vietnamese Refugees in the United States}},
    year = {1991},
    journal = {The Journal of Social Psychology},
    author = {Celano, Marianne P. and Tyler, Forrest B.},
    number = {3},
    month = {6},
    pages = {373--385},
    volume = {131},
    url = {http://www.tandfonline.com/doi/abs/10.1080/00224545.1991.9713864},
    doi = {10.1080/00224545.1991.9713864},
    issn = {0022-4545}
}

@phdthesis{Le2005,
    title = {{Behavioral acculturation, psychological acculturation, and psychological well-being across generations of Vietnamese immigrants and refugees}},
    year = {2005},
    author = {Le, Melinda H.}
}

@book{Heidegger1867,
    title = {{Being and time}},
    year = {1867},
    author = {Heidegger, M.},
    publisher = {Blackwell}
}

@article{Ramelli2013,
    title = {{Being prepared for acculturation: On the importance of the first months after immigrants enter a new culture}},
    year = {2013},
    journal = {International Journal of Psychology},
    author = {Ramelli, Marcella and Florack, Arnd and Kosic, Ankica and Rohmann, Anette},
    number = {3},
    pages = {363--373},
    volume = {48},
    doi = {10.1080/00207594.2012.656129},
    issn = {00207594},
    keywords = {Acculturation, Anxiety, Communication, Contact, Need for cognitive closure}
}

@article{Keyes2004,
    title = {{Belonging and adapting: Mental health of Bosnian refugees living in the United States}},
    year = {2004},
    journal = {Issues in Mental Health Nursing},
    author = {Keyes, Emily F. and Kane, Catherine F.},
    number = {8},
    pages = {809--831},
    volume = {25},
    doi = {10.1080/01612840490506392},
    issn = {01612840},
    pmid = {15545245}
}

@article{Ghuman1991,
    title = {{Best or worst of two worlds? A study of Asian adolescents}},
    year = {1991},
    journal = {Educational Research},
    author = {Ghuman, P. A.S.},
    number = {2},
    pages = {121--132},
    volume = {33},
    doi = {10.1080/0013188910330205},
    issn = {14695847}
}

@article{Tartakovsky2017,
    title = {{Between Two Worlds? Value Preferences of Immigrants Compared to Local-Born Populations in the Receiving Country and in the Country of Origin}},
    year = {2017},
    journal = {Journal of Cross-Cultural Psychology},
    author = {Tartakovsky, Eugene and Walsh, Sophie D. and Patrakov, Eduard and Nikulina, Marina},
    number = {6},
    pages = {835--853},
    volume = {48},
    doi = {10.1177/0022022117709534},
    issn = {15525422},
    keywords = {Israel, Jews, Russia, acculturation, immigration/migration, stress reaction value constellation, values}
}

@article{Chen2008,
    title = {{Bicultural identity, bilingualism, and psychological adjustment in multicultural societies: Immigration-based and globalization-based acculturation}},
    year = {2008},
    journal = {Journal of Personality},
    author = {Chen, Sylvia Xiaohua and Benet-Mart{\'{i}}nez, Ver√≥nica and Bond, Michael Harris},
    number = {4},
    pages = {803--838},
    volume = {76},
    doi = {10.1111/j.1467-6494.2008.00505.x},
    issn = {14676494},
    pmid = {18482355}
}

@article{Szapocznik1980,
    title = {{Bicultural involvement and adjustment in Hispanic-American youths}},
    year = {1980},
    journal = {International Journal of Intercultural Relations},
    author = {Szapocznik, Jos√© and Kurtines, William M. and Fernandez, Tatjana},
    number = {3-4},
    pages = {353--365},
    volume = {4},
    doi = {10.1016/0147-1767(80)90010-3},
    issn = {01471767}
}

@article{Cortes1994,
    title = {{Biculturality among Puerto Rican adults in the United States}},
    year = {1994},
    journal = {American Journal of Community Psychology},
    author = {Cort{\'{e}}s, Dharma E. and Rogler, Lloyd H. and Malgady, Robert G.},
    number = {5},
    pages = {707--721},
    volume = {22},
    doi = {10.1007/BF02506900},
    issn = {00910562},
    pmid = {7755006},
    keywords = {Puerto Rican, acculturation, biculturality, mental health}
}

@article{Benet-Martinez2005,
    title = {{Biculturol Identity Integration (BII): Components and psychosocial antecedents}},
    year = {2005},
    journal = {Journal of Personality},
    author = {Benet-Mart{\'{i}}nez, Ver√≥nica and Haritatos, Jana},
    number = {4},
    pages = {1015--1050},
    volume = {73},
    doi = {10.1111/j.1467-6494.2005.00337.x},
    issn = {00223506},
    pmid = {15958143}
}

@article{Vaswani2019,
    title = {{Can Cultural Identity Clarity Protect the Well-Being of Latino/a Canadians From the Negative Impact of Race- Based Rejection Sensitivity?}},
    year = {2019},
    journal = {Cultural Diversity and Ethnic Minority Psychology},
    author = {Vaswani, Mamta and Alviar, Lina and Gigu{\`{e}}re, Benjamin},
    number = {3},
    pages = {347--355},
    volume = {26},
    doi = {10.1037/cdp0000302},
    issn = {19390106},
    keywords = {Cultural identity clarity, Latino/a, Race-based rejection sensitivity, Racial discrimination, Well-being}
}

@article{Stodolska2000,
    title = {{Changes in leisure participation patterns after immigration}},
    year = {2000},
    journal = {Leisure Sciences},
    author = {Stodolska, M.},
    number = {1},
    pages = {39--63},
    volume = {22},
    doi = {10.1080/014904000272966},
    issn = {01490400},
    keywords = {Ceasing participation, Ethnicity, Immigrants, Leisure, starting participation}
}

@article{Zhou2012,
    title = {{Changing behaviours and continuing silence: Sex in the post-immigration lives of mainland Chinese immigrants in Canada}},
    year = {2012},
    journal = {Culture, Health and Sexuality},
    author = {Zhou, Yanqiu Rachel},
    number = {1},
    pages = {87--100},
    volume = {14},
    doi = {10.1080/13691058.2011.626454},
    issn = {13691058},
    keywords = {Canada, mainland Chinese immigrants, sex and sexuality, silence}
}

@book{Hermans2013,
    title = {{Changing Emotions}},
    year = {2013},
    booktitle = {World},
    author = {Hermans, Dirk and Rim{\'{e}}, Bernard and Mesquita, Batja},
    number = {February 2004},
    volume = {3},
    publisher = {Psychology Press},
    isbn = {3904144987}
}

@article{Lee1994,
    title = {{Changing media consumption in a new home: Acculturation patterns among hong kong immigrants to Canada}},
    year = {1994},
    journal = {Journal of Advertising},
    author = {Lee, Wei Na and Tse, David K.},
    number = {1},
    pages = {57--70},
    volume = {23},
    doi = {10.1080/00913367.1994.10673431},
    issn = {00913367}
}

@article{Miyares1997,
    title = {{Changing Perceptions of Space and Place as Measures of Hmong Acculturation}},
    year = {1997},
    journal = {The Professional Geographer},
    author = {Miyares, Ines M.},
    number = {2},
    month = {5},
    pages = {214--224},
    volume = {49},
    url = {http://www.tandfonline.com/doi/abs/10.1111/0033-0124.00071},
    doi = {10.1111/0033-0124.00071},
    issn = {0033-0124},
    keywords = {Hmong, Refugees, Spatial acculturation, Spatial assimilation}
}

@article{JinyangDeng2007,
    title = {{Chinese Acculturation Measurement}},
    year = {2007},
    journal = {Canadian Ethnic Studies},
    author = {{Jinyang Deng} and {Gordon J. Walker}},
    number = {1-2},
    pages = {187--217},
    volume = {39},
    url = {http://muse.jhu.edu/content/crossref/journals/canadian_ethnic_studies/v039/39.1-2.deng.html},
    doi = {10.1353/ces.0.0008},
    issn = {1913-8253}
}

@article{Cuellar1995,
    title = {{Cognitive referents of acculturation: Assessment of cultural constructs in Mexican Americans}},
    year = {1995},
    journal = {Journal of Community Psychology},
    author = {Cu{\'{e}}llar, Israel and Arnold, Bill and Gonz{\'{a}}lez, Genaro},
    number = {4},
    month = {10},
    pages = {339--356},
    volume = {23},
    url = {https://onlinelibrary.wiley.com/doi/10.1002/1520-6629(199510)23:4%3C339::AID-JCOP2290230406%3E3.0.CO;2-7},
    doi = {10.1002/1520-6629(199510)23:4<339::AID-JCOP2290230406>3.0.CO;2-7},
    issn = {00904392}
}

@article{Montgomery1992,
    title = {{Comfort with Acculturation Status among Students from South Texas}},
    year = {1992},
    journal = {Hispanic Journal of Behavioral Sciences},
    author = {Montgomery, Gary T.},
    number = {2},
    month = {5},
    pages = {201--223},
    volume = {14},
    url = {http://hjb.sagepub.com.proxy.lib.umich.edu/content/9/2/183.full.pdf+html http://journals.sagepub.com/doi/10.1177/07399863920142002},
    isbn = {0893-3200},
    doi = {10.1177/07399863920142002},
    issn = {0739-9863},
    pmid = {803973233},
    arxivId = {0803973233}
}

@article{Wong-Rieger1987,
    title = {{Comparative Acculturation of Southeast Asian and Hispanic Immigrants and Sojourners}},
    year = {1987},
    journal = {Journal of Cross-Cultural Psychology},
    author = {Wong-Rieger, Durhane and Quintana, Diana},
    number = {3},
    month = {9},
    pages = {345--362},
    volume = {18},
    url = {http://hjb.sagepub.com.proxy.lib.umich.edu/content/9/2/183.full.pdf+html http://journals.sagepub.com/doi/10.1177/0022002187018003005},
    isbn = {0893-3200},
    doi = {10.1177/0022002187018003005},
    issn = {0022-0221},
    pmid = {803973233},
    arxivId = {0803973233}
}

@incollection{Berry2003,
    title = {{Conceptual approaches to acculturation}},
    year = {2003},
    booktitle = {Acculturation},
    author = {Berry, John W.},
    editor = {Chun, K. and Balls-Organista, P. and Marin, G.},
    pages = {3--37},
    publisher = {APA Press},
    address = {Washington, DC},
    doi = {10.1037/10472-004}
}

@article{Swaidan2006,
    title = {{Consumer ethics: The role of acculturation in U.S. immigrant populations}},
    year = {2006},
    journal = {Journal of Business Ethics},
    author = {Swaidan, Ziad and Vitell, Scott J. and Rose, Gregory M. and Gilbert, Faye W.},
    number = {1},
    pages = {1--16},
    volume = {64},
    isbn = {1055100546636},
    doi = {10.1007/s10551-005-4663-6},
    issn = {01674544},
    keywords = {Acculturation, Consumer ethics, Immigration, Muncy-Vitell consumer ethics scale}
}

@phdthesis{Benitez2018,
    title = {{Contributions of documentation status, spiritual coping, and acculturation on the stress level of adult Hispanic immigrants}},
    year = {2018},
    booktitle = {Mathematics Education Journal},
    author = {Benitez, Elba Carolina},
    number = {1},
    pages = {75},
    volume = {1},
    url = {http://dx.doi.org/10.1016/j.biotechadv.2010.07.003%0Ahttp://dx.doi.org/10.1016/j.scitotenv.2016.06.080%0Ahttp://dx.doi.org/10.1016/j.bbapap.2013.06.007%0Ahttps://www.frontiersin.org/article/10.3389/fmicb.2018.02309/full%0Ahttp://dx.doi.org/10.1007/s13762-},
    isbn = {9783319600536},
    doi = {10.29333/aje.2019.423a},
    issn = {2579-5260},
    pmid = {25246403},
    arxivId = {1002.0556},
    keywords = {00a05, 1, 10, 1134, 15, 2, 2 dioxygenase, 2018, 2019, 2019mosharafa, 2de, 3-chlorocatechol, 3-dioxygenase, 447 words Plagiarized / 2593 Total words Remarks, 7 no, Acidithiobacillus spp., Alkane degradation, Altiplano, Antarctica, Archaea, Arctic, Aromatic hydrocarbons, Arsenate reductase, Arsenate resistance, Ascomycete fungi, Atacama Desert, Azo dyes, Azoreductase, Bacteria, Bacterial adaptation, Biodegradation, Bioeconomy, Biopile, Bioremediation, Biostimulation, Biosurfactants, Biotechnology, Biotransformation, Bisphenol A, Catechol 1, Chile, Communication, Contextual, Crude oil, Cytochrome P450s, Decolorization, Degradation pathway, Diazotrophy, Diesel, Dioxygenases, Dye degradation, Dyes, Emulsion stability, Extremolytes, Extremophiles, Extremophilic/extremotolerant prokaryotes, Extremozymes, Genome, Geobacillus thermoglucosidasius, Geobacillus thermoleovorans B23, Geochemistry, Glacier, Haloarchaea, Halomonas elongata, Halophile, Halophilic, Halophilic archaea, Halophilic bacteria, Halophilic bacterium, Halotolerant, Heavy metal resistance, Hg resistance, Hot springs, Hydrocarbons, Hydrocarbons contamination, Hypersaline environments, Hyperthermophile, Indonesia, Induction, Intertidal sediments, Iron-sulfur [Fe-S] cluster, Kemampuan Pemecahan Masalah, LC-MS analysis, Laccases, LadA alkane monooxygenase, Learning, Ligninolysis, Marinobacter, Masalah matematika, Mathematics., MerA, Mercuric reductase, Mercury resistance, Metal resistance, Metalloxidases, Methyl red, Microbial diversity, Microcosms, Microorganisms, NADH, Natrialba sp. C21, Oil Spill Eater (OSEII), Ortho-cleavage pathway, Oxidoreductase, PAH, Patagonia, Phenols, Plasmid, Polaromonas, Pollutants, Polycyclic aromatic hydrocarbons, Protein thermal stability, Pyrosequencing, Rieske non-heme iron oxygenase, Ring-hydroxylating oxygenases, Soil, Soil remediation, Stability, Statistics, Structure-function, Subantarctic marine environments, Substrate promiscuity, TPH, Thermophiles, Thermus thermophilus, Transcription, Triphenylmethane reductase, Weathered hydrocarbons, a, achievement pendahuluan prestasi belajar, acidophilic bacteria, admathedu, aeribacillus, alkalophiles, alkane 333, alkane biodegradation is mainly, alkb genes, alumnus, anim, anthropogenic compounds, aromatic, arsenic, barisan dan deret., belajaran, bengkalis regency, biocatalysis, biomimetics, biomining, biooxidation, bioremediation, biosensor, biotechnology, biotransformation, brain-based learning, brain-based learning approach, btex degradation, case study, catabolic genes, catechol 2, coastal, common core state standards, communication skills, comparative genomics, concerning the, contextual teaching learning, cooperative learning, cooperative learning model, copyright, corresponding author, d ifferences of students, dalam proses pembelajaran, design, didactical design research, didikan kita adalah masalah, dihadapi dunia pen-, dipandang, discovery learning, discussion, doi, drawing, e, education, engineering, enhancement, environmental bacteria, ethnomathematics, evolution, exiguobacterium antarcticum b7, extremely thermophilic archaea, extremophile, formatif, gender, genes involved in n, genomic, genomic islands, geobacillus, geogebra, gjsfr-f classification, gl, group, haloarchaea, heavy metal efflux, heavy metal resistance, hodiyanto, homologues, horizontal gene transfer, how to cite, icle, importanceofmathematicalcommunicationanddiscoursei, impulsive thinking, industrial biocatalysts, informatics, information system, inquiry-based learning, january 1, juni 2017, jurnal ilmiah pendidikan, jurnal pendidikan matematika, kecerdasan logis-matematis, kemampuan, kemampuan komunikasi matematis, kemampuan pemecahan masalah, knowledge, kolaka, labor force participation rate, langkah-langkah Polya, leadership, learning approach, learning model, learning obstacles, learning start with a, lemahnya proses pem-, lipases and esterases, lipolytic enzymes classification, m, mathematic ability, mathematical communication, mathematical communication ability, mathematical communication skill, mathematical communication skills, mathematical communication student ability, mathematical expression, mathematical modelling, mathematical problem solving ability, mathematical reasoning, mathematical representation, mathematics, mathematics discourse, mathematics education approach, mca, mcs, means, mer operon, mera, mercuric reductase, mercury detoxification, mercury resistance, metagenomics, metal bioreduction, metal bioremediation, metal resistance, metal sequestration, mobile genetic elements, monooxygenases, mosharafa, mpa, msc 2010, nomor 3, non-culturable microorganisms, of students, open-ended, open-ended approach, opportunity, parageobacillus, pemecahan masalah, petroleum hydrocarbons, pkl, polya phase, polya theory and initial, primary sector, problem based instruction model, problem based learning, problem based learning model, problem solving, problem-solving, proteomic, qualitative, qualitative analysis, question, ranks and series, realistic, realistic mathematics, realistic mathematics education, realistic mathematics learning, revision femsre-18-01-0001 submitted march, rme, s002626171803013x, salah satu masalah yang, saragih, science and technology, secondary sector, self-, september 2019, siswa ku-, structure, student mathematical communication skill, submitted, t3, talking stick type, tertiary sector, the approach of savi, the currently available information, thermophile, thermophilic bacteria, thermostability, thiobacillus, through contextual teaching learning, transcriptomic, turunan fungsi, vol, volume 8, waterfall model, web, web-based alumnus information system, with problem-based learning model, word problem, written text}
}

@article{Jang2006,
    title = {{Correlates of sense of control among older Korean-American immigrants: Financial status, physical health constraints, and environmental challenges}},
    year = {2006},
    journal = {International Journal of Aging and Human Development},
    author = {Jang, Yuri and Kim, Giyeon and Chiriboga, David A.},
    number = {3},
    pages = {173--186},
    volume = {63},
    doi = {10.2190/9QMQ-TG4A-1LDC-CNRR},
    issn = {00914150},
    pmid = {17152408}
}

@article{Lora2011,
    title = {{Correlation of Omega-3 Fatty Acids Intakes with Acculturation and Socioeconomic Status in Midwestern Latinas}},
    year = {2011},
    journal = {Journal of Immigrant and Minority Health},
    author = {Lora, Karina R. and Lewis, Nancy M. and Eskridge, Kent M. and Stanek-Krogstrand, Kaye and Travnicek, Daryl A.},
    number = {1},
    month = {2},
    pages = {111--118},
    volume = {13},
    url = {http://link.springer.com/10.1007/s10903-009-9314-z},
    doi = {10.1007/s10903-009-9314-z},
    issn = {1557-1912},
    pmid = {20094794},
    keywords = {Acculturation, Latinas, Omega-3 fatty acids, Socioeconomic status}
}

@article{Herrero2011,
    title = {{Covariates of Subjective well-being among Latin American immigrants in Spain: the role of social integration in the community}},
    year = {2011},
    journal = {Journal of Community Psychology},
    author = {Herrero, Juan and Fuente, Asur and Gracia, Enrique},
    number = {7},
    month = {9},
    pages = {761--775},
    volume = {39},
    url = {http://doi.wiley.com/10.1002/jcop.20468},
    isbn = {0090-4392},
    doi = {10.1002/jcop.20468},
    issn = {00904392},
    pmid = {82335109},
    arxivId = {34},
    keywords = {african-american, american female adolescents, community violence, dating violence, forced sexual intercourse, gender-differences, inner-city, mental-health, risk behavior, urban adolescents}
}

@article{Lissitsa2011,
    title = {{Criteria of sociocultural adjustment: The case of the Russian Community in Israel since 1989}},
    year = {2011},
    journal = {International Journal of Intercultural Relations},
    author = {Lissitsa, Sabina and Peres, Yochanan},
    number = {2},
    month = {3},
    pages = {205--212},
    volume = {35},
    publisher = {Elsevier Ltd},
    url = {http://dx.doi.org/10.1016/j.ijintrel.2010.09.002 https://linkinghub.elsevier.com/retrieve/pii/S0147176710000969},
    doi = {10.1016/j.ijintrel.2010.09.002},
    issn = {01471767},
    keywords = {Immigration, Multiculturalism, Sociocultural adjustment criteria, Sociocultural adjustment model}
}

@incollection{Triandis2001,
    title = {{Cross-cultural Psychology}},
    year = {2001},
    booktitle = {International Encyclopedia of the Social {\&} Behavioral Sciences},
    author = {Triandis, H.C.},
    pages = {2994--2999},
    publisher = {Elsevier},
    url = {https://linkinghub.elsevier.com/retrieve/pii/B008043076701665X},
    doi = {10.1016/B0-08-043076-7/01665-X}
}

@article{Berry2000,
    title = {{Cross-cultural psychology: A symbiosis of cultural and comparative approaches}},
    year = {2000},
    journal = {Asian Journal of Social Psychology},
    author = {Berry, John W.},
    number = {3},
    pages = {197--205},
    volume = {3},
    doi = {10.1111/1467-839X.00064},
    issn = {13672223}
}

@article{Mo2008,
    title = {{Cultural Change and Chinese Immigrants ' Distress and Help-Seeking in Hong Kong Cultural Change and Chinese Immigrants ‚Äô Distress and Help-Seeking in Hong Kong}},
    year = {2008},
    journal = {Journal of Ethnic {\&} Cultural Diversity in Social Work},
    author = {Mo, Phoenix K H and Mak, Winnie W S and Ba, Carrie S Y Kwan},
    number = {October 2013},
    pages = {129--151},
    volume = {15:3-4},
    doi = {10.1300/J051v15n03},
    issn = {1531-3204},
    keywords = {Immigrant, acculturation, acculturative stress, distress, enculturation, help-seeking}
}

@article{Shenkar2001,
    title = {{Cultural Distance Revisited: Towards a More Rigorous Conceptualization and Measurement of Cultural Differences}},
    year = {2001},
    journal = {Journal of International Business Studies},
    author = {Shenkar, Oded},
    number = {3},
    month = {9},
    pages = {519--535},
    volume = {32},
    url = {http://www.palgrave-journals.com/jibs/journal/v32/n3/pdf/8490982a.pdf http://link.springer.com/10.1057/palgrave.jibs.8490982},
    doi = {10.1057/palgrave.jibs.8490982},
    issn = {0047-2506}
}

@article{Shalom2004,
    title = {{Cultural identity and adaptation in an assimilative setting: Immigrant soldiers from the former Soviet Union in Israel}},
    year = {2004},
    journal = {International Journal of Intercultural Relations},
    author = {Shalom, Uzi Ben and Horenczyk, Gabriel},
    number = {6},
    month = {11},
    pages = {461--479},
    volume = {28},
    url = {https://linkinghub.elsevier.com/retrieve/pii/S0147176705000027},
    doi = {10.1016/j.ijintrel.2005.01.001},
    issn = {01471767},
    keywords = {Adaptation, Assimilation, Identity-cultural, Immigrant, Military acculturation}
}

@article{Bhugra1999,
    title = {{Cultural identity and its measurement: A questionnaire for Asians}},
    year = {1999},
    journal = {International Review of Psychiatry},
    author = {Bhugra, Dinesh and Bhui, Kamaldeep and Mallett, Rosemarie and Desai, Manisha and Singh, Jayshree and Leff, Julian},
    number = {2-3},
    pages = {244--249},
    volume = {11},
    doi = {10.1080/09540269974438},
    issn = {09540261}
}

@article{Groen2019,
    title = {{Cultural identity confusion and psychopathology: A mixed-methods study among refugees and asylum seekers in the Netherlands}},
    year = {2019},
    journal = {Journal of Nervous and Mental Disease},
    author = {Groen, Simon P.N. and Richters, Annemiek J.M. and Laban, Cornelis J. and Van Busschbach, Jooske T. and Devill{\'{e}}, Walter L.J.M.},
    number = {3},
    pages = {162--170},
    volume = {207},
    isbn = {0000000000000},
    doi = {10.1097/NMD.0000000000000935},
    issn = {1539736X},
    pmid = {30724831},
    keywords = {Postmigration stress, cultural identity, psychopathology, refugees and asylum seekers, trauma}
}

@article{Spradley1972,
    title = {{Culture and Stress: A Quantitative Analysis}},
    year = {1972},
    journal = {American Anthropologist},
    author = {Spradley, James P. and Phillips, Mark},
    number = {3},
    pages = {518--529},
    volume = {74},
    doi = {10.1525/aa.1972.74.3.02a00190},
    issn = {0002-7294}
}

@article{Park2013,
    title = {{Daily spiritual experiences, social support, and depression among elderly Korean immigrants}},
    year = {2013},
    journal = {Aging and Mental Health},
    author = {Park, Jisung and Roh, Soonhee},
    number = {1},
    pages = {102--108},
    volume = {17},
    doi = {10.1080/13607863.2012.715138},
    issn = {13607863},
    keywords = {Korean older adults, depressive symptoms, mental health, social network, spirituality}
}

@article{Luthke1990,
    title = {{Decision-making and adjustment difficulties: A Counselling Strategy for Working With Migrants1}},
    year = {1990},
    journal = {Australian Psychologist},
    author = {Luthke, Martin F. and Cropley, Arthur J.},
    number = {2},
    pages = {147--164},
    volume = {25},
    doi = {10.1080/00050069008260008},
    issn = {0005-0067}
}

@article{Tuck2012,
    title = {{Decolonization is not a metaphor}},
    year = {2012},
    journal = {Decolonization: Indigeneity, Education, {\&} Society},
    author = {Tuck, Eve and Yang, K. Wayne},
    number = {1},
    pages = {1--40},
    volume = {1},
    isbn = {1929-8692},
    issn = {1929-8692}
}

@article{Thomson2009,
    title = {{Defining and measuring acculturation: A systematic review of public health studies with Hispanic populations in the United States}},
    year = {2009},
    journal = {Social Science {\&} Medicine},
    author = {Thomson, Maria D. and Hoffman-Goetz, Laurie},
    number = {7},
    month = {10},
    pages = {983--991},
    volume = {69},
    publisher = {Elsevier Ltd},
    url = {http://dx.doi.org/10.1016/j.socscimed.2009.05.011 https://linkinghub.elsevier.com/retrieve/pii/S0277953609003025},
    doi = {10.1016/j.socscimed.2009.05.011},
    issn = {02779536},
    keywords = {Acculturation, Ethnicity, Hispanic, Measurement scales, Public health, Review, USA}
}

@article{Shim2008,
    title = {{Degree of acculturation and adherence to Asian values as correlates of psychological distress among Korean immigrants}},
    year = {2008},
    journal = {Journal of Mental Health},
    author = {Shim, Young R. and Schwartz, Robert C.},
    number = {6},
    pages = {607--617},
    volume = {17},
    doi = {10.1080/09638230701506838},
    issn = {09638237},
    keywords = {Acculturation, Asian values, Korean immigrants, Psychological distress}
}

@article{Lee2004,
    title = {{Depression among elderly Korean immigrants: Exploring socio-cultural factors}},
    year = {2004},
    journal = {Journal of Ethnic and Cultural Diversity in Social Work},
    author = {Lee, Hee Y. and Moon, Ailee and Knight, Bob G.},
    number = {4},
    pages = {1--26},
    volume = {13},
    doi = {10.1300/J051v13n04{\_}01},
    issn = {15313212},
    keywords = {Cultural factors, Depression, Elderly Korean immigrants, Perceived health status}
}

@phdthesis{Lee2016,
    title = {{Depression among Korean immigrants: The influence of acculturation and social support}},
    year = {2016},
    author = {Lee, Jin Hee},
    url = {https://escholarship.org/uc/item/0gj863n2},
    school = {UC San Fransisco},
    doi = {2019}
}

@article{Alderete1999,
    title = {{Depressive symptomatology: Prevalence and psychosocial risk factors among Mexican migrant farmworkers in California}},
    year = {1999},
    journal = {Journal of Community Psychology},
    author = {Alderete, Ethel and Vega, William A. and Kolody, Bohdan and Aguilar-Gaxiola, Sergio},
    number = {4},
    month = {7},
    pages = {457--471},
    volume = {27},
    url = {http://doi.wiley.com/10.1002/%28SICI%291520-6629%28199907%2927%3A4%3C457%3A%3AAID-JCOP7%3E3.0.CO%3B2-D},
    doi = {10.1002/(SICI)1520-6629(199907)27:4<457::AID-JCOP7>3.0.CO;2-D},
    issn = {0090-4392}
}

@article{Wolfe2001,
    title = {{Design and development of the European American values scale for Asian Americans}},
    year = {2001},
    journal = {Cultural Diversity and Ethnic Minority Psychology},
    author = {Wolfe, Maren M. and Yang, Peggy H. and Wong, Eunice C. and Atkinson, Donald R.},
    number = {3},
    pages = {274--283},
    volume = {7},
    doi = {10.1037/1099-9809.7.3.274},
    issn = {10999809},
    pmid = {11506073},
    keywords = {Acculturation, Asian Americans, Behavior acculturation, Enculturation, European Americans, Value acculturation}
}

@article{Aqtash2013,
    title = {{Determinants of health‚Äêpromoting lifestyle behaviors among arab immigrants from the region of the levant}},
    year = {2013},
    journal = {Research in Nursing {\&} Health},
    author = {Aqtash, Salah and Van Servellen, Gwen},
    number = {5},
    month = {10},
    pages = {466--477},
    volume = {36},
    url = {https://onlinelibrary.wiley.com/doi/abs/10.1002/nur.21555},
    doi = {10.1002/nur.21555},
    issn = {0160-6891},
    keywords = {Arab immigrants, Health Promoting Lifestyle Profile, Health promotion, Health status, Unhealthy behaviors, Wellness behaviors}
}

@article{Gonzalez-Castro2011,
    title = {{Determinants of Psychological Distress Among Migrants From Ecuador and Romania in a Spanish City}},
    year = {2011},
    journal = {International Journal of Social Psychiatry},
    author = {Gonzalez-Castro, J. L. and Ubillos, S.},
    number = {1},
    pages = {30--44},
    volume = {57},
    doi = {10.1177/0020764010347336},
    issn = {0020-7640},
    keywords = {gender differences, ghq-12, income, migration, social support, spain}
}

@article{Jibeen2010,
    title = {{Development and Preliminary Validation of Multidimensional Acculturative Stress Scale for Pakistani Immigrants in Toronto, Canada}},
    year = {2010},
    journal = {International Journal of Intercultural Relations},
    author = {Jibeen, Tahira and Khalid, Ruhi},
    number = {3},
    month = {5},
    pages = {233--243},
    volume = {34},
    publisher = {Elsevier Ltd},
    url = {http://dx.doi.org/10.1016/j.ijintrel.2009.09.006 https://linkinghub.elsevier.com/retrieve/pii/S0147176709001023},
    doi = {10.1016/j.ijintrel.2009.09.006},
    issn = {01471767},
    keywords = {Discrimination, Homesickness, Lack of opportunities, Language barrier, Pakistani immigrants, Scale development, Threat to ethnic identity}
}

@article{Inman2001,
    title = {{Development and preliminary validation of the cultural values conflict scale for South Asian women}},
    year = {2001},
    journal = {Journal of Counseling Psychology},
    author = {Inman, Arpana G. and Ladany, Nicholas and Constantine, Madonna G. and Moranod, Cathleen K.},
    number = {1},
    pages = {17--27},
    volume = {48},
    doi = {10.1037/0022-0167.48.1.17},
    issn = {00220167}
}

@article{Matsumoto2001,
    title = {{Development and validation of a measure of intercultural adjustment potential in Japanese sojourners: The Intercultural Adjustment Potential Scale (ICAPS)}},
    year = {2001},
    journal = {International Journal of Intercultural Relations},
    author = {Matsumoto, David and LeRoux, Jeff and Ratzlaff, Charlotte and Tatani, Haruyo and Uchida, Hideko and Kim, Chu and Araki, Shoko},
    number = {5},
    pages = {483--510},
    volume = {25},
    doi = {10.1016/S0147-1767(01)00019-0},
    issn = {01471767}
}

@article{Stephenson2000,
    title = {{Development and validation of the Stephenson Multigroup Acculturation Scale (SMAS)}},
    year = {2000},
    journal = {Psychological Assessment},
    author = {Stephenson, Margaret},
    number = {1},
    pages = {77--88},
    volume = {12},
    doi = {10.1037/1040-3590.12.1.77},
    issn = {10403590},
    pmid = {10752366}
}

@article{Meredith2000,
    title = {{Development of a brief scale to measure acculturation among Japanese Americans}},
    year = {2000},
    journal = {Journal of Community Psychology},
    author = {Meredith, Lisa S. and Wenger, Neil and Liu, Honghu and Harada, Nancy and Kahn, Katherine},
    number = {1},
    pages = {103--113},
    volume = {28},
    doi = {10.1002/(SICI)1520-6629(200001)28:1<103::AID-JCOP10>3.0.CO;2-E},
    issn = {00904392}
}

@article{Barry2001a,
    title = {{Development of a new scale for measuring acculturation: the East Asian Acculturation Measure (EAAM).}},
    year = {2001},
    journal = {Journal of Immigrant Health},
    author = {Barry, Declan},
    number = {4},
    pages = {193--197},
    volume = {3},
    doi = {10.1023/A:1012227611547},
    issn = {1096-4045},
    keywords = {acculturation, assimilation, east asia, immigration, medicine, social exclusion, social psychology}
}

@article{Cheng1995,
    title = {{Development of a New Scale for Measuring Acculturation: The Taiwan Aboriginal Acculturation Scale (TAAS)}},
    year = {1995},
    journal = {Psychological Medicine},
    author = {Cheng, Andrew T.A. and Hsu, Mutsu},
    number = {6},
    pages = {1281--1287},
    volume = {25},
    doi = {10.1017/S0033291700033249},
    issn = {14698978},
    pmid = {8637957}
}

@article{Marin1987,
    title = {{Development of a Short Acculturation Scale for Hispanics}},
    year = {1987},
    journal = {Hispanic Journal of Behavioral Sciences},
    author = {Marin, Gerardo and Sabogal, Fabio and Marin, Barbara Vanoss and Otero-Sabogal, Regina and Perez-Stable, Eliseo J.},
    number = {2},
    month = {6},
    pages = {183--205},
    volume = {9},
    url = {http://journals.sagepub.com/doi/10.1177/07399863870092005},
    doi = {10.1177/07399863870092005},
    issn = {0739-9863}
}

@phdthesis{Vinokurov2001,
    title = {{Development of the Acculturative Hassles Inventory for Russian-speaking elders}},
    year = {2001},
    booktitle = {Dissertation Abstracts International: Section B: The Sciences and Engineering},
    author = {Vinokurov, Andrey},
    number = {3-B},
    pages = {1648},
    volume = {62},
    url = {http://search.ebscohost.com/login.aspx?direct=true&db=psyh&AN=2001-95018-326&lang=es&site=ehost-live},
    isbn = {0419-4217},
    keywords = {Acculturation, Acculturative Hassles Inventory, Inventories, Russian language, Test Construction, Test Validity, elders, test development, test validity}
}

@article{Rodriguez2002,
    title = {{Development of the multidimensional acculturative stress inventory for adults of Mexican origin}},
    year = {2002},
    journal = {Psychological Assessment},
    author = {Rodriguez, Norma and Myers, Hector F. and Mira, Consuelo Bingham and Flores, Thomas and Garcia-Hernandez, Loretta},
    number = {4},
    pages = {451--461},
    volume = {14},
    doi = {10.1037/1040-3590.14.4.451},
    issn = {10403590},
    pmid = {12501570}
}

@article{Udahemuka2010,
    title = {{Does motivation to migrate matter? voluntary and forced african migrants and their acculturation preferences in new zealand}},
    year = {2010},
    journal = {Journal of Pacific Rim Psychology},
    author = {Udahemuka, Martine and Pernice, Regina},
    number = {1 SPEC. ISSUE},
    pages = {44--52},
    volume = {4},
    doi = {10.1375/prp.4.1.44},
    issn = {18344909},
    keywords = {African acculturation, African migrants, African refugees, Africans in new zealand, Asylum seeker, Humanitarian, Migration choice, Migration motivation}
}

@incollection{Kovach2009,
    title = {{Doing Indigenous Research in a Good Way ‚Äì Ethics and Reciprocity}},
    year = {2009},
    booktitle = {Indigenous Methodologies : Characteristics, Conversations and Contexts},
    author = {Kovach, Margaret},
    editor = {Kovach, Margaret},
    pages = {141--155},
    publisher = {University of Toronto Press}
}

@article{Chavez-Payan2015,
    title = {{Early life and environmental risk factors modify the effect of acculturation on hispanic children's asthma}},
    year = {2015},
    journal = {Hispanic Health Care International},
    author = {Chavez-Payan, Paola and Grineski, Sara E. and Collins, Timothy W.},
    number = {3},
    pages = {119--130},
    volume = {13},
    doi = {10.1891/1540-4153.13.3.119},
    issn = {15404153},
    keywords = {Acculturation, Asthma, El paso, Ethnicity, Hispanic, texas}
}

@article{Barry2001,
    title = {{Eating concerns in East Asian immigrants: Relationships between acculturation, self-construal, ethnic identity, gender, psychological functioning and eating concerns1}},
    year = {2001},
    journal = {Eating and Weight Disorders},
    author = {Barry, D. T. and Garner, D. M.},
    number = {2},
    pages = {90--98},
    volume = {6},
    doi = {10.1007/BF03339757},
    issn = {15901262},
    keywords = {Culture, East Asian, Eating concerns}
}

@book{Bronfenbrenner1992,
    title = {{Ecological systems theory}},
    year = {1992},
    author = {Bronfenbrenner, Urie},
    publisher = {Jessica Kingsley Publishers}
}

@article{Helms2014,
    title = {{Economic pressure, cultural adaptation stress, and marital quality among mexican-origin couples}},
    year = {2014},
    journal = {Journal of Family Psychology},
    author = {Helms, Heather M. and Supple, Andrew J. and Su, Jinni and Rodriguez, Yuliana and Cavanaugh, Alyson M. and Hengstebeck, Natalie D.},
    number = {1},
    pages = {77--87},
    volume = {28},
    doi = {10.1037/a0035738},
    issn = {08933200},
    pmid = {24512286},
    keywords = {Acculturative stress, Economic pressure, Latinos, Marital quality, Marriage}
}

@article{Hazuda1988a,
    title = {{Effects of acculturation and socioeconomic status on obesity and diabetes in Mexican Americans: The san antonio heart study}},
    year = {1988},
    journal = {American Journal of Epidemiology},
    author = {Hazuda, Helen P. and Haffner, Steven M. and Stern, Michael P. and Eifler, Clayton W.},
    number = {6},
    pages = {1289--1301},
    volume = {128},
    doi = {10.1093/oxfordjournals.aje.a115082},
    issn = {00029262},
    pmid = {3195568},
    keywords = {Acculturation, Diabetes mellitus, Hispanic Americans, Non-insulin-dependent, Obesity, Sex characteristics, Social class}
}

@article{Lanca1994,
    title = {{Effects of Language Choice on Acculturation}},
    year = {1994},
    journal = {Journal of Language and Social Psychology},
    author = {Lanca, Margaret and Alksnis, Christine and Roese, Neil J. and Gardner, Robert C.},
    number = {3},
    month = {9},
    pages = {315--330},
    volume = {13},
    url = {http://journals.sagepub.com/doi/10.1177/0261927X94133005},
    doi = {10.1177/0261927X94133005},
    issn = {0261-927X}
}

@article{Spasojevic2000,
    title = {{Effects of posttraumatic stress and acculturation on marital functioning in Bosnian refugee couples}},
    year = {2000},
    journal = {Journal of Traumatic Stress},
    author = {Spasojevi{\'{c}}, Jelena and Heffer, Robert W. and Snyder, Douglas K.},
    number = {2},
    pages = {205--217},
    volume = {13},
    doi = {10.1023/A:1007750410122},
    issn = {08949867},
    keywords = {Acculturation, Bosnian refugees, Marital functioning, Posttraumatic stress disorder}
}

@article{DeLeersnyder2017,
    title = {{Emotional acculturation: a first review}},
    year = {2017},
    journal = {Current Opinion in Psychology},
    author = {De Leersnyder, Jozefien},
    number = {i},
    pages = {67--73},
    volume = {17},
    publisher = {Elsevier Ltd},
    url = {http://dx.doi.org/10.1016/j.copsyc.2017.06.007},
    doi = {10.1016/j.copsyc.2017.06.007},
    issn = {2352250X}
}

@article{Schmitz2012,
    title = {{Emotional intelligence and acculturation}},
    year = {2012},
    journal = {Behavioral Psychology},
    author = {Schmitz, Paul G. and Schmitz, Florian},
    number = {1},
    pages = {15--41},
    volume = {20}
}

@article{Olmedo1978a,
    title = {{Empirical and construct validation of a measure of acculturation for mexican americans}},
    year = {1978},
    journal = {Journal of Social Psychology},
    author = {Olmedo, Esteban L. and Padilla, Amado M.},
    number = {2},
    pages = {179--187},
    volume = {105},
    doi = {10.1080/00224545.1978.9924112},
    issn = {19401183}
}

@article{Breckler1984,
    title = {{Empirical validation of affect, behavior, and cognition as distinct components of attitude.}},
    year = {1984},
    journal = {Journal of Personality and Social Psychology},
    author = {Breckler, Steven J.},
    number = {6},
    pages = {1191--1205},
    volume = {47},
    url = {http://doi.apa.org/getdoi.cfm?doi=10.1037/0022-3514.47.6.1191},
    doi = {10.1037/0022-3514.47.6.1191},
    issn = {1939-1315}
}

@article{Cernovsky2006a,
    title = {{Escape Stress, Sleep Disorders, and Assimilation of Refugees}},
    year = {2006},
    journal = {Social Behavior and Personality: an international journal},
    author = {Cernovsky, Zack Z.},
    number = {2},
    pages = {287--297},
    volume = {18},
    doi = {10.2224/sbp.1990.18.2.287},
    issn = {03012212}
}

@article{Masuda1970,
    title = {{Ethnic identity in three generations of japanese americans}},
    year = {1970},
    journal = {Journal of Social Psychology},
    author = {Masuda, Minoru and Matsumoto, Gary H. and Meredith, Gerald M. and Masuda, Minoru and Matsumoto, Gary H. and Meredith, Gerald M.},
    number = {2},
    pages = {199--207},
    volume = {81},
    doi = {10.1080/00224545.1970.9922441},
    issn = {19401183}
}

@article{Capasso2018,
    title = {{Ethnicity, work-related stress and subjective reports of health by migrant workers: A multi-dimensional model}},
    year = {2018},
    journal = {Ethnicity and Health},
    author = {Capasso, Roberto and Zurlo, Maria Clelia and Smith, Andrew P.},
    number = {2},
    pages = {174--193},
    volume = {23},
    publisher = {Taylor {\&} Francis},
    url = {http://dx.doi.org/10.1080/13557858.2016.1258041},
    doi = {10.1080/13557858.2016.1258041},
    issn = {14653419},
    pmid = {27846733},
    keywords = {Ethnicity, Health outcomes, Individual differences, Multi-dimensional model, Perceived job satisfaction/stress, Racial discrimination, Work characteristics}
}

@article{Maxwell2017,
    title = {{Evaluating the Character of People Who Insult the Nation: Implications for Immigrant Integration}},
    year = {2017},
    journal = {Political Psychology},
    author = {Maxwell, Rahsaan and House, Lucie},
    number = {xx},
    month = {2},
    pages = {1--19},
    volume = {xx},
    url = {http://doi.wiley.com/10.1111/pops.12414},
    doi = {10.1111/pops.12414},
    issn = {0162895X},
    keywords = {Assimilation, Boundaries, Immigrant integration, National identity, National insults, Situationist, USA}
}

@article{VanDoorn2013,
    title = {{Explaining the Integration Paradox Among Small Immigrant Groups in the Netherlands}},
    year = {2013},
    journal = {Journal of International Migration and Integration},
    author = {van Doorn, Majka and Scheepers, Peer and Dagevos, Jaco},
    number = {2},
    month = {5},
    pages = {381--400},
    volume = {14},
    url = {http://link.springer.com/10.1007/s12134-012-0244-6},
    doi = {10.1007/s12134-012-0244-6},
    issn = {1488-3473},
    keywords = {Educational attainment, Ethnic relations, Integration paradox, Perceived discrimination}
}

@article{Meca2017,
    title = {{Exploring Adaptive Acculturation Approaches Among Undocumented Latinos: A Test of Berry‚Äôs Model}},
    year = {2017},
    journal = {Counseling Psychologist},
    author = {Meca, Alan and Cobb, Cory and Xie, Dong and Schwartz, Seth J. and Allen, Catherine and Hunter, Robyn},
    number = {8},
    pages = {1115--1140},
    volume = {45},
    isbn = {0011000017745},
    doi = {10.1177/0011000017745978},
    issn = {15523861},
    keywords = {Latino, acculturation, biculturalism, latent profile analysis, undocumented}
}

@article{Pilkington2012,
    title = {{Factors affecting intention to access psychological services amongst British Muslims of South Asian origin}},
    year = {2012},
    journal = {Mental Health, Religion and Culture},
    author = {Pilkington, Aneela and Msetfi, Rachel Maria and Watson, Ruth},
    number = {1},
    pages = {1--22},
    volume = {15},
    doi = {10.1080/13674676.2010.545947},
    issn = {13674676},
    keywords = {acculturation, intention, izzat, psychological services, shame}
}

@article{An2016,
    title = {{Factors Affecting Job Satisfaction of Immigrant Korean Nurses}},
    year = {2016},
    journal = {Journal of Transcultural Nursing},
    author = {An, Ji Young and Cha, Sunkyung and Moon, Hyunjung and Ruggiero, Jeanne S. and Jang, Haeran},
    number = {2},
    pages = {126--135},
    volume = {27},
    doi = {10.1177/1043659614539175},
    issn = {15527832},
    keywords = {immigrant Korean nurses, job satisfaction, life satisfaction, organizational factors, self-efficacy, self-esteem}
}

@article{DeSnyder1987,
    title = {{Factors associated with acculturative stress and depressive symptomatology among married mexican immigrant women}},
    year = {1987},
    journal = {Psychology of Women Quarterly},
    author = {de Snyder, V. Nelly Salgado},
    number = {4},
    pages = {475--488},
    volume = {11},
    doi = {10.1111/j.1471-6402.1987.tb00919.x},
    issn = {14716402}
}

@article{DeSnyder1987a,
    title = {{Factors associated with acculturative stress and depressive symptomatology among married mexican immigrant women}},
    year = {1987},
    journal = {Psychology of Women Quarterly},
    author = {de Snyder, V. Nelly Salgado},
    number = {4},
    pages = {475--488},
    volume = {11},
    doi = {10.1111/j.1471-6402.1987.tb00919.x},
    issn = {14716402}
}

@article{Kim2005,
    title = {{Factors Associated With Depression Experience of Immigrant Populations: A Study of Korean Immigrants}},
    year = {2005},
    journal = {Archives of Psychiatric Nursing},
    author = {Kim, Miyong T. and Han, Hae-Ra and Shin, Hye Sook and Kim, Kim B. and Lee, Hochang Benjamin},
    number = {5},
    month = {10},
    pages = {217--225},
    volume = {19},
    url = {https://linkinghub.elsevier.com/retrieve/pii/S0883941705002347},
    doi = {10.1016/j.apnu.2005.07.004},
    issn = {08839417}
}

@article{VidaldeHaymes2011,
    title = {{Family Cohesion and Social Support: Protective Factors for Acculturation Stress Among Low-Acculturated Mexican Migrants}},
    year = {2011},
    journal = {Journal of Poverty},
    author = {Vidal de Haymes, Maria and Martone, Jessica and Mu{\~{n}}oz, Lina and Grossman, Susan},
    number = {4},
    month = {10},
    pages = {403--426},
    volume = {15},
    url = {http://www.tandfonline.com/doi/abs/10.1080/10875549.2011.615608},
    doi = {10.1080/10875549.2011.615608},
    issn = {1087-5549},
    keywords = {acculturation, acculturative stress, immigration, social networks, social support}
}

@article{Noda1990,
    title = {{Family factors affecting adjustment in Japanese immigrant housewives}},
    year = {1990},
    journal = {Canadian Journal of Psychiatry},
    author = {Noda, F. and Noda, M. and Clark, C.},
    number = {8},
    pages = {689--692},
    volume = {35},
    doi = {10.1177/070674379003500808},
    issn = {07067437}
}

@article{DickA.S.Basu1987,
    title = {{from the SAGE Social Science Collections . All Rights}},
    year = {1987},
    journal = {Hispanic Journal of Behavioral Sciences},
    author = {Dick, A. S., Basu, K.},
    number = {2},
    pages = {183--205},
    volume = {9},
    url = {http://hjb.sagepub.com.proxy.lib.umich.edu/content/9/2/183.full.pdf+html},
    isbn = {0893-3200},
    doi = {10.1177/07399863870092005},
    issn = {1059-6011},
    pmid = {803973233},
    arxivId = {0803973233}
}

@article{Perry1999b,
    title = {{from the SAGE Social Science Collections . All Rights}},
    year = {1999},
    journal = {Hispanic Journal of Behavioral Sciences},
    author = {Perry, Nick},
    number = {2},
    pages = {183--205},
    volume = {9},
    url = {http://hjb.sagepub.com.proxy.lib.umich.edu/content/9/2/183.full.pdf+html},
    isbn = {0893-3200},
    doi = {10.1177/07399863870092005},
    issn = {1059-6011},
    pmid = {803973233},
    arxivId = {0803973233}
}

@article{Perry1999a,
    title = {{from the SAGE Social Science Collections . All Rights}},
    year = {1999},
    journal = {Hispanic Journal of Behavioral Sciences},
    author = {Perry, Nick},
    number = {2},
    pages = {183--205},
    volume = {9},
    url = {http://hjb.sagepub.com.proxy.lib.umich.edu/content/9/2/183.full.pdf+html},
    isbn = {0893-3200},
    doi = {10.1177/07399863870092005},
    issn = {1059-6011},
    pmid = {803973233},
    arxivId = {0803973233}
}

@article{Perry1999,
    title = {{from the SAGE Social Science Collections . All Rights}},
    year = {1999},
    journal = {Hispanic Journal of Behavioral Sciences},
    author = {Perry, Nick},
    number = {2},
    pages = {183--205},
    volume = {9},
    url = {http://hjb.sagepub.com.proxy.lib.umich.edu/content/9/2/183.full.pdf+html},
    isbn = {0893-3200},
    doi = {10.1177/07399863870092005},
    issn = {1059-6011},
    pmid = {803973233},
    arxivId = {0803973233}
}

@article{Hopmann1987,
    title = {{from the SAGE Social Science Collections . All Rights}},
    year = {1987},
    journal = {Hispanic Journal of Behavioral Sciences},
    author = {Hopmann, P.},
    number = {2},
    pages = {183--205},
    volume = {9},
    url = {http://hjb.sagepub.com.proxy.lib.umich.edu/content/9/2/183.full.pdf+html},
    isbn = {0893-3200},
    doi = {10.1177/07399863870092005},
    issn = {1059-6011},
    pmid = {803973233},
    arxivId = {0803973233}
}

@article{Chirkov2008,
    title = {{Further examining the role motivation to study abroad plays in the adaptation of international students in Canada}},
    year = {2008},
    journal = {International Journal of Intercultural Relations},
    author = {Chirkov, V. I. and Safdar, S. and de Guzman, J. and Playford, K.},
    number = {5},
    pages = {427--440},
    volume = {32},
    doi = {10.1016/j.ijintrel.2007.12.001},
    issn = {01471767},
    keywords = {Adjustment, International students, Motivation to study abroad, Self-determination theory}
}

@article{Knipscheer2000,
    title = {{Ghanaian migrants in the Netherlands: General health, acculturative stress and utilization of mental health care}},
    year = {2000},
    journal = {Journal of Community Psychology},
    author = {Knipscheer, Jeroen W. and De Jong, Eleonore E.M. and Kleber, Rolf J. and Lamptey, Ekow},
    number = {4},
    pages = {459--476},
    volume = {28},
    doi = {10.1002/1520-6629(200007)28:4<459::AID-JCOP7>3.0.CO;2-Z},
    issn = {00904392}
}

@article{Geltman2014,
    title = {{Health Literacy, Acculturation, and the Use of Preventive Oral Health Care by Somali Refugees Living in Massachusetts}},
    year = {2014},
    journal = {Journal of Immigrant and Minority Health},
    author = {Geltman, Paul L. and Hunter Adams, Jo and Penrose, Katherine L. and Cochran, Jennifer and Rybin, Denis and Doros, Gheorghe and Henshaw, Michelle and Paasche-Orlow, Michael},
    number = {4},
    month = {8},
    pages = {622--630},
    volume = {16},
    url = {http://link.springer.com/10.1007/s10903-013-9846-0},
    doi = {10.1007/s10903-013-9846-0},
    issn = {1557-1912},
    keywords = {Acculturation, Health literacy, Preventive dental care, Refugees}
}

@article{Behrens2015,
    title = {{How much orientation towards the host culture is healthy? Acculturation style as risk enhancement for depressive symptoms in immigrants}},
    year = {2015},
    journal = {International Journal of Social Psychiatry},
    author = {Behrens, Katharina and Del Pozo, Melina A. and Gro{\ss}hennig, Anika and Sieberer, Marcel and Graef-Calliess, Iris T.},
    number = {5},
    pages = {498--505},
    volume = {61},
    isbn = {0020764014},
    doi = {10.1177/0020764014560356},
    issn = {17412854},
    keywords = {Depressive symptoms, acculturation, acculturation style, cultural identity, immigrants}
}

@article{Skuza2007,
    title = {{Humanizing the Understanding of the Acculturation Experience with Phenomenology}},
    year = {2007},
    journal = {Human Studies},
    author = {Skuza, Jennifer A.},
    number = {4},
    month = {11},
    pages = {447--465},
    volume = {30},
    url = {http://link.springer.com/10.1007/s10746-007-9073-6},
    doi = {10.1007/s10746-007-9073-6},
    issn = {0163-8548},
    keywords = {Geometry, Optics, Physics, Piezoelectricity, Transverse isotropy}
}

@article{Szabo2015,
    title = {{Identity development during cultural transition: The role of social-cognitive identity processes}},
    year = {2015},
    journal = {International Journal of Intercultural Relations},
    author = {Szabo, Agnes and Ward, Colleen},
    pages = {13--25},
    volume = {46},
    publisher = {Elsevier Ltd},
    url = {http://dx.doi.org/10.1016/j.ijintrel.2015.03.019},
    doi = {10.1016/j.ijintrel.2015.03.019},
    issn = {01471767},
    keywords = {Ethno-cultural identity conflict, Identity commitment, Identity development, Identity styles, Self-concept clarity, Self-esteem}
}

@article{Szabo2016,
    title = {{Identity Processing Styles During Cultural Transition: Construct and Measurement}},
    year = {2016},
    journal = {Journal of Cross-Cultural Psychology},
    author = {Szabo, Agnes and Ward, Colleen and Fletcher, Garth J.O.},
    number = {4},
    pages = {483--507},
    volume = {47},
    doi = {10.1177/0022022116631825},
    issn = {15525422},
    keywords = {acculturation, commitment, identity styles, immigrants}
}

@article{Nesdale2000,
    title = {{Immigrant acculturation attitudes and host country identification}},
    year = {2000},
    journal = {Journal of Community {\&} Applied Social Psychology},
    author = {Nesdale, Drew and Mak, Anita S.},
    number = {6},
    month = {11},
    pages = {483--495},
    volume = {10},
    url = {http://doi.wiley.com/10.1002/1099-1298%28200011/12%2910%3A6%3C483%3A%3AAID-CASP580%3E3.0.CO%3B2-0},
    doi = {10.1002/1099-1298(200011/12)10:6<483::AID-CASP580>3.0.CO;2-0},
    issn = {1052-9284},
    keywords = {Acculturation, Identity, Immigration}
}

@article{Rubin2012,
    title = {{Immigrants‚Äô social integration as a function of approach‚Äìavoidance orientation and problem-solving style}},
    year = {2012},
    journal = {International Journal of Intercultural Relations},
    author = {Rubin, Mark and Watt, Sue E. and Ramelli, Marcella},
    number = {4},
    month = {7},
    pages = {498--505},
    volume = {36},
    publisher = {Elsevier Ltd},
    url = {http://dx.doi.org/10.1016/j.ijintrel.2011.12.009 https://linkinghub.elsevier.com/retrieve/pii/S0147176711001313},
    doi = {10.1016/j.ijintrel.2011.12.009},
    issn = {01471767},
    keywords = {Approach orientation, Avoidance orientation, Immigration, Independent self-construal, Interdependent self-construal, Prevention focus, Problem-solving, Promotion focus, Regulatory focus, Social integration}
}

@phdthesis{Sharp2010,
    title = {{Immigration as a "Theologizing Experience": Spiritual Well-Being as a Moderating Factor in Migratory Grief and Acculturation}},
    year = {2010},
    author = {Sharp, Irma A},
    school = {Loyola University Chicago Follow}
}

@article{Bastian2008,
    title = {{Immigration from the perspective of hosts and immigrants: Roles of psychological essentialism and social identity}},
    year = {2008},
    journal = {Asian Journal Of Social Psychology},
    author = {Bastian, Brock and Haslam, Nick},
    number = {2},
    month = {6},
    pages = {127--140},
    volume = {11},
    url = {http://doi.wiley.com/10.1111/j.1467-839X.2008.00250.x},
    doi = {10.1111/j.1467-839X.2008.00250.x},
    issn = {1367-2223},
    keywords = {Essentialism, Immigration, Implicit theories, Prejudice, Social identity}
}

@article{Berry1997b,
    title = {{Immigration, Acculturation, and Adaptation}},
    year = {1997},
    journal = {Applied Psychology},
    author = {Berry, John W.},
    number = {1},
    month = {1},
    pages = {5--34},
    volume = {46},
    url = {http://doi.wiley.com/10.1111/j.1464-0597.1997.tb01087.x},
    doi = {10.1111/j.1464-0597.1997.tb01087.x},
    issn = {0269-994X}
}

@article{Aycan1996,
    title = {{Impact of employment-related experiences on immigrants' psychological well-being and adaptation to Canada}},
    year = {1996},
    journal = {Canadian Journal of Behavioural Science},
    author = {Aycan, Zeynep and Berry, John W.},
    number = {3},
    pages = {240--251},
    volume = {28},
    doi = {10.1037/0008-400X.28.3.240},
    issn = {0008400X}
}

@phdthesis{Lin2014,
    title = {{Impacts of oral language proficiency, television and internet on acculturation of Taiwanese college students.}},
    year = {2014},
    author = {Lin, Tony Huang-Yu},
    number = {1-A(E)},
    volume = {75},
    school = {Wayne State University},
    isbn = {0419-4209(Print)},
    keywords = {*Acculturation, *Cross Cultural Differences, *Language, *Quantitative Methods, *Television, College Students, Internet, Language Proficiency, South Asian Cultural Groups}
}

@article{Leung2003,
    title = {{Individual and Cultural Gender Roles: A Comparison of Anglo-Australians and Chinese in Australia}},
    year = {2003},
    journal = {Current Research in Social Psychology},
    author = {Leung, Cynthia and Moore, Susan},
    number = {21},
    pages = {302--316},
    volume = {8}
}

@article{Aycicegi-Dinn2011,
    title = {{Individualism‚Äìcollectivism among Americans, Turks and Turkish immigrants to the U.S.}},
    year = {2011},
    journal = {International Journal of Intercultural Relations},
    author = {Ay{\c{c}}i{\c{c}}egi-Dinn, Ayse and Caldwell-Harris, Catherine L.},
    number = {1},
    month = {1},
    pages = {9--16},
    volume = {35},
    url = {https://linkinghub.elsevier.com/retrieve/pii/S0147176710001239},
    doi = {10.1016/j.ijintrel.2010.11.006},
    issn = {01471767},
    keywords = {Acculturation, Assimilation, Collectivism, Immigration, Individualism, Self-reliance, Values}
}

@article{Moghaddam1987,
    title = {{Individualistic and collective integration strategies among Iranians in Canada}},
    year = {1987},
    journal = {International Journal of Psychology},
    author = {Moghaddam, Fathali M. and Taylor, Donald M. and Lalonde, Richard N.},
    number = {3},
    pages = {301--313},
    volume = {22},
    url = {http://web.b.ebscohost.com.ezproxy.fgcu.edu/ehost/pdfviewer/pdfviewer?sid=4fb3a2e8-f118-4461-8790-514e3b326963@sessionmgr114&vid=1&hid=102},
    isbn = {0170-8406},
    doi = {10.1177/017084068800900203},
    issn = {0170-8406},
    pmid = {2106},
    arxivId = {arXiv:1011.1669v3}
}

@article{Ben-Eliyahu2015,
    title = {{Integrating the regulation of affect, behavior, and cognition into self-regulated learning paradigms among secondary and post-secondary students}},
    year = {2015},
    journal = {Metacognition and Learning},
    author = {Ben-Eliyahu, Adar and Linnenbrink-Garcia, Lisa},
    number = {1},
    pages = {15--42},
    volume = {10},
    doi = {10.1007/s11409-014-9129-8},
    issn = {15561631},
    keywords = {Behavior, Cognition, Development, Emotion, Learning, Liking, Self-regulated learning, Self-regulation}
}

@article{Atri2011,
    title = {{Integration of international medical graduates in u.s. psychiatry: The role of acculturation and social support}},
    year = {2011},
    journal = {Academic Psychiatry},
    author = {Atri, Ashutosh and Matorin, Anu and Ruiz, Pedro},
    number = {1},
    pages = {21--26},
    volume = {35},
    doi = {10.1176/appi.ap.35.1.21},
    issn = {10429670}
}

@techreport{Castels2003,
    title = {{Integration: Mapping the field}},
    year = {2003},
    author = {Castles, Stephen and Korac, Maja and Vasta, Ellie and Vertovec, Steven},
    institution = {Home Office Report 28/03},
    address = {London, UK}
}

@incollection{Safdar2017,
    title = {{Intercultural Relations in Canada}},
    year = {2017},
    booktitle = {Mutual Intercultural Relations},
    author = {Safdar, Saba and Gui, Yongxia and Annis, Robert C. and Gibson, Ryan and Berry, John W.},
    editor = {Berry, John W.},
    pages = {353--374},
    publisher = {Cambridge University Press},
    url = {https://www.cambridge.org/core/product/identifier/9781316875032%23CN-bp-17/type/book_part},
    isbn = {9781316875032},
    doi = {10.1017/9781316875032.017}
}

@incollection{Hanke2017,
    title = {{Intercultural Relations in Germany}},
    year = {2017},
    booktitle = {Mutual Intercultural Relations},
    author = {Hanke, Katja and van Egmond, Marieke and Rohmann, Anette and Boehnke, Klaus},
    publisher = {Cambridge University Press},
    url = {https://www.cambridge.org/core/product/identifier/9781316875032%23CN-bp-7/type/book_part},
    isbn = {9781316875032},
    doi = {10.1017/9781316875032.007}
}

@article{Lebedeva2016,
    title = {{Intercultural relations in Russia and Latvia: The relationship between contact and cultural security}},
    year = {2016},
    journal = {Psychology in Russia: State of the Art},
    author = {Lebedeva, Nadezhda M. and Tatarko, Alexander N. and Berry, John W.},
    number = {1},
    pages = {41--56},
    volume = {9},
    doi = {10.11621/pir.2016.0103},
    issn = {20746857},
    keywords = {Acculturation strategies/expectations, Integration, Intercultural contact, Intercultural relations, Life satisfaction, Multicultural ideology, Multiculturalism, Perceived security, Tolerance}
}

@article{Kwan1997,
    title = {{Internal and external ethnic identity and their correlates: A study of Chinese American immigrants}},
    year = {1997},
    journal = {Journal of Multicultural Counseling and Development},
    author = {Kwan, Kwong Liem Karl and Sodowsky, Gargi Roysircar},
    number = {1},
    pages = {51--67},
    volume = {25},
    doi = {10.1002/j.2161-1912.1997.tb00315.x},
    issn = {08838534}
}

@article{Lu2017,
    title = {{International migration and social pain responses}},
    year = {2017},
    journal = {Personality and Individual Differences},
    author = {Lu, Minjie and Hamamura, Takeshi and Chan, Yuen Pik},
    month = {4},
    pages = {137--141},
    volume = {109},
    publisher = {Elsevier Ltd},
    url = {http://dx.doi.org/10.1016/j.paid.2016.12.040 https://linkinghub.elsevier.com/retrieve/pii/S0191886916312284},
    doi = {10.1016/j.paid.2016.12.040},
    issn = {01918869},
    keywords = {Host culture, Migration, Sense of control, Social pain}
}

@article{Kashima2006,
    title = {{International students‚Äô acculturation: Effects of international, conational, and local ties and need for closure}},
    year = {2006},
    journal = {International Journal of Intercultural Relations},
    author = {Kashima, Emiko S. and Loh, Evelyn},
    number = {4},
    month = {7},
    pages = {471--485},
    volume = {30},
    url = {https://linkinghub.elsevier.com/retrieve/pii/S0147176705002038},
    doi = {10.1016/j.ijintrel.2005.12.003},
    issn = {01471767},
    keywords = {Acculturation, International students, Need for cognitive closure, Social identity, Social network}
}

@book{Cottam2010,
    title = {{Introduction to Political Psychology}},
    year = {2010},
    author = {Cottam, Martha L.},
    month = {1},
    publisher = {Psychology Press},
    url = {https://www.taylorfrancis.com/books/9780203848777},
    isbn = {9780203848777},
    doi = {10.4324/9780203848777}
}

@article{Ryder2000,
    title = {{Is acculturation unidimensional or bidimensional? A head-to-head comparison in the prediction of personality, self-identity, and adjustment.}},
    year = {2000},
    journal = {Journal of Personality and Social Psychology},
    author = {Ryder, Andrew G. and Alden, Lynn E. and Paulhus, Delroy L.},
    number = {1},
    pages = {49--65},
    volume = {79},
    url = {http://doi.apa.org/getdoi.cfm?doi=10.1037/0022-3514.79.1.49},
    doi = {10.1037/0022-3514.79.1.49},
    issn = {1939-1315}
}

@article{Nelli1967,
    title = {{Italians in Urban America: A Study in Ethnic Adjustment}},
    year = {1967},
    journal = {International Migration Review},
    author = {Nelli, Humbert S},
    number = {3},
    pages = {38--55},
    volume = {1},
    url = {https://www.jstor.org/stable/3002739?origin=crossref},
    doi = {10.2307/3002739},
    issn = {01979183}
}

@article{Logan2017,
    title = {{John Henryism Active Coping, Acculturation, and Psychological Health in Korean Immigrants}},
    year = {2017},
    journal = {Journal of Transcultural Nursing},
    author = {Logan, Jeongok G. and Barksdale, Debra J. and James, Sherman A. and Chien, Lung Chang},
    number = {2},
    pages = {168--178},
    volume = {28},
    doi = {10.1177/1043659615615402},
    issn = {15527832},
    keywords = {John Henryism active coping, acculturation, anxiety, depression, immigrants, stress}
}

@article{Copelj2011,
    title = {{Knowledge of Depression and Depression Related Stigma in Immigrants from Former Yugoslavia}},
    year = {2011},
    journal = {Journal of Immigrant and Minority Health},
    author = {Copelj, Anja and Kiropoulos, Litza},
    number = {6},
    month = {12},
    pages = {1013--1018},
    volume = {13},
    url = {http://link.springer.com/10.1007/s10903-011-9463-8},
    doi = {10.1007/s10903-011-9463-8},
    issn = {1557-1912},
    keywords = {Acculturation, Depression, Immigrants, Mental health, Stigma}
}

@phdthesis{Rose2009,
    title = {{Language Acculturation Anxiety in Spanish speaking adults learning English}},
    year = {2009},
    author = {Rose, Glenda Lynn},
    pages = {26--49},
    issn = {04194209}
}

@phdthesis{Shishkin2010,
    title = {{LANGUAGE DOMINANCE AND CULTURE DOMINANCE : L2 ACQUISITION , L1 MAINTENANCE , AND CULTURE IDENTIFICATION AMONG RUSSIAN IMMIGRANTS IN THE U . S . by Copyright {\textcopyright} Elena Shishkin 2010 A Dissertation Submitted to the Faculty of the GRADUATE INTERDISCIPLINARY DO}},
    year = {2010},
    author = {Shishkin, Elena}
}

@article{Liwerant2013,
    title = {{Latin American Jews in the United States: Community and Belonging in Times of Transnationalism}},
    year = {2013},
    journal = {Contemporary Jewry},
    author = {Liwerant, Judit Bokser},
    number = {1-2},
    month = {7},
    pages = {121--143},
    volume = {33},
    url = {http://link.springer.com/10.1007/s10746-007-9073-6 http://link.springer.com/10.1007/s12397-013-9102-x},
    doi = {10.1007/s12397-013-9102-x},
    issn = {0147-1694},
    keywords = {Geometry, Optics, Physics, Piezoelectricity, Transverse isotropy}
}

@article{VanSelm1997,
    title = {{Life satisfaction and competence of Bosnian refugees in Norway}},
    year = {1997},
    journal = {Scandinavian Journal of Psychology},
    author = {Van Selm, Karin and Sam, David Lackland and Van Oudenhoven, Jan Pieter},
    number = {2},
    pages = {143--149},
    volume = {38},
    doi = {10.1111/1467-9450.00020},
    issn = {00365564},
    keywords = {Bosnians, Competence, Life satisfaction, Refugees}
}

@article{Cantor1994,
    title = {{Life Task Problem Solving: Situational Affordances and Personal Needs}},
    year = {1994},
    journal = {Personality and Social Psychology Bulletin},
    author = {Cantor, Nancy},
    number = {3},
    month = {6},
    pages = {235--243},
    volume = {20},
    url = {http://journals.sagepub.com/doi/10.1177/0146167294203001},
    doi = {10.1177/0146167294203001},
    issn = {0146-1672}
}

@article{Bhatnagar1980,
    title = {{Linguistic behaviour and adjustment of immigrant children in French and English schools in Montreal}},
    year = {1980},
    journal = {Applied Psychology},
    author = {Bhatnagar, Joti K},
    number = {1-2},
    month = {1},
    pages = {141--158},
    volume = {29},
    url = {http://doi.wiley.com/10.1111/j.1464-0597.1980.tb00887.x},
    doi = {10.1111/j.1464-0597.1980.tb00887.x},
    issn = {0269-994X}
}

@article{Jang2010,
    title = {{Living in a different world: Acculturative stress among Korean American elders}},
    year = {2010},
    journal = {Journals of Gerontology - Series B Psychological Sciences and Social Sciences},
    author = {Jang, Yuri and Chiriboga, David A.},
    number = {1},
    pages = {14--21},
    volume = {65 B},
    doi = {10.1093/geronb/gbp019},
    issn = {10795014},
    keywords = {Acculturation, Korean American elders, Mediation, Mental distress}
}

@incollection{Zane2004,
    title = {{Major approaches to the measurement of acculturation among ethnic minority populations: A content analysis and an alternative empirical strategy.}},
    year = {2004},
    booktitle = {Acculturation: Advances in theory, measurement, and applied research.},
    author = {Zane, Nolan and Mak, Winnie},
    editor = {Chun, K. M. and Organista, P. Balls and Mar{\'{i}}n, G.},
    pages = {39--60},
    publisher = {American Psychological Association},
    url = {http://content.apa.org/books/10472-005},
    address = {Washington},
    doi = {10.1037/10472-005}
}

@article{Michie2005,
    title = {{Making psychological theory useful for implementing evidence based practice: A consensus approach}},
    year = {2005},
    journal = {Quality and Safety in Health Care},
    author = {Michie, S. and Johnston, M. and Abraham, C. and Lawton, R. and Parker, D. and Walker, A.},
    number = {1},
    pages = {26--33},
    volume = {14},
    doi = {10.1136/qshc.2004.011155},
    issn = {14753898},
    pmid = {15692000}
}

@article{Michie2005a,
    title = {{Making psychological theory useful for implementing evidence based practice: A consensus approach}},
    year = {2005},
    journal = {Quality and Safety in Health Care},
    author = {Michie, S. and Johnston, M. and Abraham, C. and Lawton, R. and Parker, D. and Walker, A.},
    number = {1},
    pages = {26--33},
    volume = {14},
    doi = {10.1136/qshc.2004.011155},
    issn = {14753898},
    pmid = {15692000}
}

@article{Lavee2012,
    title = {{Marital stability among jewish and mixed couples following immigration to Israel from the former soviet union}},
    year = {2012},
    journal = {European Psychologist},
    author = {Lavee, Yoav and Krivosh, Ludmila},
    number = {2},
    pages = {158--167},
    volume = {17},
    doi = {10.1027/1016-9040/a000112},
    issn = {10169040},
    keywords = {Cultural identity, Immigration, Intermarriage, Marital fit, Marital stability, Social adjustment}
}

@article{Olmedo1978,
    title = {{Measure of Acculturation for Chicano Adolescents}},
    year = {1978},
    journal = {Psychological Reports},
    author = {Olmedo, Esteban L and Martinez, Joe L. and Martinez, Sergio R.},
    number = {1},
    month = {2},
    pages = {159--170},
    volume = {42},
    url = {http://journals.sagepub.com/doi/10.2466/pr0.1978.42.1.159},
    doi = {10.2466/pr0.1978.42.1.159},
    issn = {0033-2941}
}

@article{ArambulaSolomon1999,
    title = {{Measures of American Indian traditionality and its relationship to cervical cancer screening}},
    year = {1999},
    journal = {Health Care for Woman International},
    author = {Arambula Solomon, Teshia G. and Gottlieb, Nell H.},
    number = {5},
    pages = {493--504},
    volume = {20},
    doi = {10.1080/073993399245584},
    issn = {07399332},
    pmid = {10776118}
}

@article{Matsudaira2006,
    title = {{Measures of Psychological Acculturation: A Review}},
    year = {2006},
    journal = {Transcultural Psychiatry},
    author = {Matsudaira, Tomomi},
    number = {3},
    month = {9},
    pages = {462--487},
    volume = {43},
    url = {http://journals.sagepub.com/doi/10.1177/1363461506066989},
    doi = {10.1177/1363461506066989},
    issn = {1363-4615},
    pmid = {20582238},
    keywords = {assessment, culture, psychological acculturation, rating scale}
}

@article{Wallen2002,
    title = {{Measuring Acculturation Among Central American Women with the Use of a Brief Language Scale}},
    year = {2002},
    journal = {Journal of Immigrant Health},
    author = {Wallen, Gwenyth R and Feldman, Robert H and Anliker, Jean},
    number = {2},
    pages = {95‚Äì102},
    volume = {4},
    doi = {10.1023/A:1014550626218},
    keywords = {acculturation, hispanic, latino}
}

@article{Barry2005,
    title = {{Measuring Acculturation Among Male Arab Immigrants in the United States: An Exploratory Study}},
    year = {2005},
    journal = {Journal of Immigrant Health},
    author = {Barry, Declan T.},
    number = {3},
    month = {7},
    pages = {179--184},
    volume = {7},
    url = {http://link.springer.com/10.1007/s10903-005-3674-9},
    doi = {10.1007/s10903-005-3674-9},
    issn = {1096-4045},
    keywords = {Acculturation, Arab, Ethnic identity, Self-construal, Self-esteem}
}

@article{Madianos2008,
    title = {{Measuring acculturation and symptoms of depression of foreign immigrants in the Athens area}},
    year = {2008},
    journal = {International Journal of Social Psychiatry},
    author = {Madianos, Michael G. and Gonidakis, Fragiskos and Ploubidis, Dimitris and Papadopoulou, Eugenia and Rogakou, Efi},
    number = {4},
    pages = {338--349},
    volume = {54},
    doi = {10.1177/0020764008090288},
    issn = {00207640},
    keywords = {Acculturation, Adaptation, Depressive state, Immigration}
}

@article{Salant2003,
    title = {{Measuring culture: A critical review of acculturation and health in Asian immigrant populations}},
    year = {2003},
    journal = {Social Science and Medicine},
    author = {Salant, Talya and Lauderdale, Diane S.},
    number = {1},
    pages = {71--90},
    volume = {57},
    doi = {10.1016/S0277-9536(02)00300-3},
    issn = {02779536},
    keywords = {Acculturation, Asian immigrants, Health}
}

@article{Huynh2018,
    title = {{Measuring variations in bicultural identity across U.S. ethnic and generational groups: Development and validation of the Bicultural Identity Integration Scale-Version 2 (BIIS-2)}},
    year = {2018},
    journal = {Psychological Assessment},
    author = {Huynh, Que Lam and Benet-Mart{\'{i}}nez, Ver√≤nica and Nguyen, Angela Minh Tu D.},
    number = {12},
    pages = {1581--1596},
    volume = {30},
    doi = {10.1037/pas0000606},
    issn = {1939134X},
    pmid = {29902048},
    keywords = {Acculturative stress, Adjustment, Bicultural Identity Integration, Biculturalism, Personality}
}

@article{Ferenczi2016,
    title = {{Meeting the expectations of your heritage culture: Links between attachment orientations, intragroup marginalization and psychological adjustment}},
    year = {2016},
    journal = {Journal of Social and Personal Relationships},
    author = {Ferenczi, Nelli and Marshall, Tara C.},
    number = {1},
    pages = {101--121},
    volume = {33},
    doi = {10.1177/0265407514562565},
    issn = {14603608},
    keywords = {Attachment, intragroup marginalization, perceived rejection, psychological adjustment}
}

@article{Tharmaseelan2010,
    title = {{Migration and career success: testing a time-sequenced model}},
    year = {2010},
    journal = {Career Development International},
    author = {Tharmaseelan, Nithya and Inkson, Kerr and Carr, Stuart C.},
    number = {3},
    pages = {218--238},
    volume = {15},
    isbn = {0268394121},
    doi = {10.1108/13620431011053712}
}

@article{Jibeen2011,
    title = {{Moderators of Acculturative Stress in Pakistani Immigrants: The role of Personal and Social Resources}},
    year = {2011},
    journal = {International Journal of Intercultural Relations},
    author = {Jibeen, Tahira},
    number = {5},
    pages = {523--533},
    volume = {35},
    publisher = {Elsevier Ltd},
    url = {http://dx.doi.org/10.1016/j.ijintrel.2011.04.002},
    doi = {10.1016/j.ijintrel.2011.04.002},
    issn = {01471767},
    keywords = {Acculturative stress, Coping strategies, Moderators, Negative health outcomes, Psychological well-being, Sense of coherence, Social support}
}

@article{Safdar2012,
    title = {{Multi-group analysis of the MIDA model: Acculturation of Indian and Russian immigrants to Canada}},
    year = {2012},
    journal = {International Journal of Intercultural Relations},
    author = {Safdar, Saba and Calvez, Stryker and Lewis, J. Rees},
    number = {2},
    pages = {200--212},
    volume = {36},
    publisher = {Elsevier Ltd},
    url = {http://dx.doi.org/10.1016/j.ijintrel.2011.11.006},
    doi = {10.1016/j.ijintrel.2011.11.006},
    issn = {01471767},
    keywords = {Acculturation, Canada, Cultural adaptation, Indians, MIDA model, Russians}
}

@article{Leung2010,
    title = {{Multicultural Experience, Idea Receptiveness, and Creativity}},
    year = {2010},
    journal = {Journal of Cross-Cultural Psychology},
    author = {Leung, Angela Ka yee and Chiu, Chi Yue},
    number = {5},
    pages = {723--741},
    volume = {41},
    doi = {10.1177/0022022110361707},
    issn = {00220221},
    keywords = {creativity, motivated cultural cognition, multicultural experience, need for cognitive closure, receptiveness to foreign ideas, terror management theory}
}

@article{Arends-Toth2003a,
    title = {{Multiculturalism and acculturation: Views of Dutch and Turkish-Dutch}},
    year = {2003},
    journal = {European Journal of Social Psychology},
    author = {Arends-T{\'{o}}th, Judit and van de Vijver, Fons J.R.},
    number = {2},
    pages = {249--266},
    volume = {33},
    doi = {10.1002/ejsp.143},
    issn = {00462772}
}

@article{Arends-Toth2003,
    title = {{Multiculturalism and acculturation: views of Dutch and Turkish-Dutch}},
    year = {2003},
    journal = {European Journal of Social Psychology},
    author = {Arends-T{\'{o}}th, Judit and Vijver, Fons J. R. Van De},
    number = {2},
    month = {3},
    pages = {249--266},
    volume = {33},
    url = {http://doi.wiley.com/10.1002/ejsp.143},
    doi = {10.1002/ejsp.143},
    issn = {00462772}
}

@article{Lebedeva2013,
    title = {{Multiculturalism and immigration in post-Soviet Russia}},
    year = {2013},
    journal = {European Psychologist},
    author = {Lebedeva, Nadezhda and Tatarko, Alexander},
    number = {3},
    pages = {169--178},
    volume = {18},
    doi = {10.1027/1016-9040/a000161},
    issn = {10169040},
    keywords = {Acculturation, Acculturation strategies and expectations, Equality, Immigrants, Immigration, Life satisfaction/security, Perceived threat, Tolerance}
}

@article{Arends-Toth2000,
    title = {{Multiculturalisme: Spanning tussen ideaal en realiteit}},
    year = {2000},
    journal = {Nederlands Tijdschrift voor de Psychologie},
    author = {Arends-T{\'{o}}th, Judit and van de Vijver, Fons},
    pages = {159--168},
    volume = {50}
}

@article{Harder2018,
    title = {{Multidimensional measure of immigrant integration}},
    year = {2018},
    journal = {Proceedings of the National Academy of Sciences of the United States of America},
    author = {Harder, Niklas and Figueroa, Lucila and Gillum, Rachel M. and Hangartner, Dominik and Laitin, David D. and Hainmueller, Jens},
    number = {45},
    pages = {11483--11488},
    volume = {115},
    doi = {10.1073/pnas.1808793115},
    issn = {10916490},
    pmid = {30348786},
    keywords = {Immigration, Integration, Measurement, Refugees}
}

@misc{Berry2020,
    title = {{Mutual Intercultural Relations in Plural Societies (MIRIPS) questionnaire}},
    year = {2020},
    author = {Berry, John W.}
}

@misc{Berry2010,
    title = {{Mutual Intercultural Relations in Plural Societies (MIRIPS) questionnaire}},
    year = {2010},
    author = {Berry, John W.},
    url = {https://www.wgtn.ac.nz/cacr/research/mirips/mirips-questionnaires-and-presentations/MIRIPSquestionnaire.pdf}
}

@article{Rezentes1993,
    title = {{N{\={a}}mea Hawai'i: A Hawaiian Acculturation Scale}},
    year = {1993},
    journal = {Psychological Reports},
    author = {Rezentes, William C.},
    number = {2},
    pages = {383--393},
    volume = {73},
    doi = {10.2466/pr0.1993.73.2.383},
    issn = {0033-2941}
}

@article{Ying2000,
    title = {{Network Composition, Social Integration, and Sense of Coherence in Chinese American Young Adults}},
    year = {2000},
    journal = {Journal of Human Behavior in the Social Environment},
    author = {Ying, Yu Wen and Lee, Peter A. and Tsai, Jeanne L. and Lee, Yu J. and Tsang, Malisa},
    number = {3-4},
    month = {9},
    pages = {83--98},
    volume = {3},
    url = {http://www.tandfonline.com/doi/abs/10.1300/J137v03n03_07},
    isbn = {1091-1359},
    doi = {10.1300/J137v03n03{\_}07},
    issn = {1091-1359},
    keywords = {Acculturation, Asians, Interpersonal Interaction, Major Depression, Parent Child Relations, Peer Relations, PsycInfo, Urban Environments, Well Being}
}

@book{Gilbert1989,
    title = {{On Social Facts}},
    year = {1989},
    author = {Gilbert, Margaret},
    month = {6},
    publisher = {Princeton University Press},
    isbn = {9780691214627},
    doi = {10.2307/j.ctv10vm20z}
}

@article{Gao2014,
    title = {{Oral Health of Foreign Domestic Workers: Exploring the Social Determinants}},
    year = {2014},
    journal = {Journal of Immigrant and Minority Health},
    author = {Gao, Xiaoli and Chan, Chi Wai and Mak, Siu Lun and Ng, Zevon and Kwong, Wai Hang and Kot, Ching Ching Shirley},
    number = {5},
    month = {10},
    pages = {926--933},
    volume = {16},
    url = {http://link.springer.com/10.1007/s10903-013-9789-5},
    doi = {10.1007/s10903-013-9789-5},
    issn = {1557-1912},
    keywords = {Behaviours, Foreign workers, Immigrants, Oral health, Social determinants}
}

@phdthesis{Gore2019,
    title = {{Past research has examined the factors that can influence achievement motivation in ethnic minority, immigrant, first-generation, and low-income college students. Academic self-efficacy, acculturation, family obligation, and perceived social support have}},
    year = {2019},
    booktitle = {Problem Set 2},
    author = {Gore, Tara Nasir},
    number = {3},
    pages = {2019},
    volume = {23},
    isbn = {6103544947}
}

@article{Guest1993,
    title = {{Paths of Community Integration}},
    year = {1993},
    journal = {Sociological Quarterly},
    author = {Guest, Avery M. and Stamm, Keith R.},
    number = {4},
    pages = {581--595},
    volume = {34},
    doi = {10.1111/j.1533-8525.1993.tb00107.x},
    issn = {15338525}
}

@article{Kushnirovich2017,
    title = {{Paths to success of Israeli immigrants from different countries of origin}},
    year = {2017},
    journal = {International Journal of Intercultural Relations},
    author = {Kushnirovich, Nonna and Youngmann, Rafael},
    number = {July},
    month = {9},
    pages = {51--59},
    volume = {60},
    publisher = {Elsevier},
    url = {http://dx.doi.org/10.1016/j.ijintrel.2017.07.002 https://linkinghub.elsevier.com/retrieve/pii/S0147176716302711},
    doi = {10.1016/j.ijintrel.2017.07.002},
    issn = {01471767},
    keywords = {Dimensions of success, Immigrants, Path of success, Psychological well-being}
}

@article{Kimhi1992,
    title = {{Perceived change of values and intention to return among kibbutz people who emigrated from israel}},
    year = {1992},
    journal = {Journal of Psychology: Interdisciplinary and Applied},
    author = {Kimhi, Shaul and Bliwise, Nancy Gourash},
    number = {6},
    pages = {661--670},
    volume = {126},
    doi = {10.1080/00223980.1992.10543396},
    issn = {19401019}
}

@article{Suanet2009,
    title = {{Perceived cultural distance and acculturation among exchange students in Russia}},
    year = {2009},
    journal = {Journal of Community {\&} Applied Social Psychology},
    author = {Suanet, Irina and Van de Vijver, Fons J. R.},
    number = {3},
    month = {5},
    pages = {182--197},
    volume = {19},
    url = {http://www3.interscience.wiley.com/journal/5625/home http://doi.wiley.com/10.1002/casp.989},
    isbn = {9780230008199},
    doi = {10.1002/casp.989},
    issn = {10529284},
    keywords = {BF Psychology}
}

@article{Dellaserra2018,
    title = {{Perceived environmental barriers and behavioral factors as possible mediators between acculturation and leisure-Time physical activity among Mexican American Adults}},
    year = {2018},
    journal = {Journal of Physical Activity and Health},
    author = {Dellaserra, Carla L. and Crespo, Noe C. and Todd, Michael and Huberty, Jennifer and Vega-L{\'{o}}pez, Sonia},
    number = {9},
    pages = {683--691},
    volume = {15},
    doi = {10.1123/jpah.2016-0701},
    issn = {15435476},
    keywords = {Community-based research, Environment, Health determinants}
}

@article{Roh2011,
    title = {{Perceived Neighborhood Environment Affecting Physical and Mental Health: A Study with Korean American Older Adults in New York City}},
    year = {2011},
    journal = {Journal of Immigrant and Minority Health},
    author = {Roh, Soonhee and Jang, Yuri and Chiriboga, David A. and Kwag, Kyung Hwa and Cho, Sunhee and Bernstein, Kunsook},
    number = {6},
    month = {12},
    pages = {1005--1012},
    volume = {13},
    url = {http://link.springer.com/10.1007/s10903-011-9492-3},
    doi = {10.1007/s10903-011-9492-3},
    issn = {1557-1912},
    keywords = {Health, Korean American older adults, Perceived neighborhood environment}
}

@phdthesis{Merideth2013,
    title = {{Perceived Racism and Blood Pressure in Foreign-Born Mexicans}},
    year = {2013},
    author = {Merideth, Richard I},
    pages = {71},
    url = {http://ezproxy.net.ucf.edu/login?url=http://search.proquest.com/docview/1443852687?accountid=10003%5Cnhttp://sfx.fcla.edu/ucf?url_ver=Z39.88-2004&rft_val_fmt=info:ofi/fmt:kev:mtx:dissertation&genre=dissertations+&+theses&sid=ProQ:ProQuest+Dissertations+&+},
    isbn = {9781303399497},
    keywords = {0737:Hispanic American studies, 0745:Higher education, 0989:Physiological psychology, Acculturation, Acculturation Rating Scale for Mexican Americans (, Ambulatory blood pressure, Education, Higher education, Hispanic American studies, Mexican, Perceived Ethnic Discrimination Questionnaire - Co, Perceived racism, Physiological psychology, Psychology, Social sciences}
}

@article{Chan2006,
    title = {{Perfectionism and eating disorder symptomatology in Chinese immigrants: Mediating and moderating effects of ethnic identity and acculturation}},
    year = {2006},
    journal = {Psychology and Health},
    author = {Chan, Carina K.Y. and Glynn Owens, R.},
    number = {1},
    pages = {49--63},
    volume = {21},
    doi = {10.1080/14768320500105312},
    issn = {08870446},
    keywords = {Acculturation, Chinese, Eating disorder, Ethnic identity, Immigrants, Perfectionism}
}

@article{Chan2010,
    title = {{Perfectionism and eating disturbances in Korean immigrants: Moderating effects of acculturation and ethnic identity}},
    year = {2010},
    journal = {Asian Journal of Social Psychology},
    author = {Chan, Carina K.Y. and Ku, Youngeun and Owens, Richard Glynn},
    number = {4},
    pages = {293--302},
    volume = {13},
    doi = {10.1111/j.1467-839X.2010.01326.x},
    issn = {13672223},
    keywords = {Acculturation, Eating disorder, Ethnic identity, Immigrant, Perfectionism}
}

@article{Mier2012,
    title = {{Personal and cultural influences on diabetes self-care behaviors among Older Hispanics born in the U.S. and Mexico}},
    year = {2012},
    journal = {Journal of Immigrant and Minority Health},
    author = {Mier, Nelda and Smith, Matthew Lee and Carrillo-Zuniga, Genny and Wang, Xiaohui and Garza, Norma and Ory, Marcia G.},
    number = {6},
    pages = {1052--1062},
    volume = {14},
    doi = {10.1007/s10903-012-9639-x},
    issn = {15571912},
    keywords = {Acculturation, Border, Diabetes, Hispanic}
}

@article{Kurman2005,
    title = {{Personal and group acculturation attitudes and adjustment: Russian and Ethiopian immigrants in Israel}},
    year = {2005},
    journal = {Journal of Applied Social Psychology},
    author = {Kurman, Jenny and Eshel, Yohanan and Zehavi, Nirit},
    number = {5},
    pages = {956--974},
    volume = {35},
    doi = {10.1111/j.1559-1816.2005.tb02155.x},
    issn = {00219029}
}

@article{Kim2012,
    title = {{Personal Views about Aging among Korean American Older Adults: The Role of Physical Health, Social Network, and Acculturation}},
    year = {2012},
    journal = {Journal of Cross-Cultural Gerontology},
    author = {Kim, Giyeon and Jang, Yuri and Chiriboga, David A.},
    number = {2},
    month = {6},
    pages = {139--148},
    volume = {27},
    url = {http://link.springer.com/10.1007/s10823-012-9165-2},
    isbn = {1082301291652},
    doi = {10.1007/s10823-012-9165-2},
    issn = {0169-3816},
    keywords = {Acculturation, Attitude toward aging, Korean-American elders, Personal view about aging, Social network}
}

@article{Yijala2010,
    title = {{Pre-migration acculturation attitudes among potential ethnic migrants from Russia to Finland}},
    year = {2010},
    journal = {International Journal of Intercultural Relations},
    author = {Yij{\"{a}}l{\"{a}}, Anu and Jasinskaja-Lahti, Inga},
    number = {4},
    pages = {326--339},
    volume = {34},
    doi = {10.1016/j.ijintrel.2009.09.002},
    issn = {01471767},
    keywords = {Acculturation attitudes, Ethnic migrants from Russia to Finland, Pre-acculturation, Pre-migration}
}

@article{Chen2017,
    title = {{Pre-migration and post-migration factors associated with mental health in humanitarian migrants in Australia and the moderation effect of post-migration stressors: findings from the first wave data of the BNLA cohort study}},
    year = {2017},
    journal = {The Lancet Psychiatry},
    author = {Chen, Wen and Hall, Brian J. and Ling, Li and Renzaho, Andre MN},
    number = {3},
    pages = {218--229},
    volume = {4},
    publisher = {Elsevier Ltd},
    url = {http://dx.doi.org/10.1016/S2215-0366(17)30032-9},
    doi = {10.1016/S2215-0366(17)30032-9},
    issn = {22150374},
    pmid = {28161455}
}

@article{BaekChoi2009,
    title = {{Predictive factors of acculturation attitudes and social support among Asian immigrants in the USA}},
    year = {2009},
    journal = {International Journal of Social Welfare},
    author = {Baek Choi, Jong and Thomas, Madhavappallil},
    number = {1},
    month = {1},
    pages = {76--84},
    volume = {18},
    url = {http://doi.wiley.com/10.1111/j.1468-2397.2008.00567.x},
    doi = {10.1111/j.1468-2397.2008.00567.x},
    issn = {13696866},
    keywords = {Acculturation attitude, Filipino immigrants, Indian immigrants, Korean immigrants, Social support}
}

@article{Khawaja2019,
    title = {{Predictors of employment status: A study of former refugee communities in Australia}},
    year = {2019},
    journal = {Australian Psychologist},
    author = {Khawaja, Nigar G. and Hebbani, Aparna and Gallois, Cindy and MacKinnon, Mairead},
    number = {5},
    pages = {427--437},
    volume = {54},
    doi = {10.1111/ap.12388},
    issn = {17429544},
    keywords = {Australia, acculturation, acculturative stress, employment, refugees}
}

@article{Swami2009,
    title = {{Predictors of sociocultural adjustment among sojourning Malaysian students in Britain}},
    year = {2009},
    journal = {International Journal of Psychology},
    author = {Swami, Viren},
    number = {4},
    pages = {266--273},
    volume = {44},
    doi = {10.1080/00207590801888745},
    issn = {00207594}
}

@article{Roytburd2008,
    title = {{Predictors of Soviet Jewish Refugees' Acculturation: Differentiation of Self and Acculturative Stress}},
    year = {2008},
    journal = {Cultural Diversity and Ethnic Minority Psychology},
    author = {Roytburd, Luba and Friedlander, Myrna L.},
    number = {1},
    pages = {67--74},
    volume = {14},
    doi = {10.1037/1099-9809.14.1.67},
    issn = {10999809},
    keywords = {Russian, Soviet Jews, acculturation, differentiation of self, discrimination}
}

@book{Jhangiani2014,
    title = {{Principles of Social Psychology}},
    year = {2014},
    author = {Jhangiani, R. and Tarry, H.},
    publisher = {BCcampus},
    address = {Victoria, B.C.}
}

@article{Wang2012,
    title = {{Profiles of acculturative adjustment patterns among Chinese international students}},
    year = {2012},
    journal = {Journal of Counseling Psychology},
    author = {Wang, Kenneth T. and Heppner, Puncky Paul and Fu, Chu Chun and Zhao, Ran and Li, Feihan and Chuang, Chih Chun},
    number = {3},
    pages = {424--436},
    volume = {59},
    doi = {10.1037/a0028532},
    issn = {00220167},
    keywords = {Acculturative adjustment, Coping, Growth mixture modeling, International students, Social support}
}

@article{Al-Sabiae1995,
    title = {{Psycho-social adaptation of Saudi students and spouses in Canada}},
    year = {1995},
    journal = {Arab Journal of Psychiatry},
    author = {Al-Sabiae, A. and DiNicola, V. F.},
    number = {2},
    pages = {186--199},
    volume = {6}
}

@article{Tropp1999,
    title = {{Psychological acculturation: Development of a new measure for Puerto Ricans on the U.S. mainland}},
    year = {1999},
    journal = {Educational and Psychological Measurement},
    author = {Tropp, Linda R. and Erkut, Sumru and Coll, Cynthia Garc√≠a and Alarc{\'{o}}n, Odette and Garc{\'{i}}a, Heidie A.V√°zquez},
    number = {2},
    pages = {351--367},
    volume = {59},
    doi = {10.1177/00131649921969794},
    issn = {00131644}
}

@article{Moztarzadeh2015,
    title = {{Psychological and Sociocultural Adaptation: Acculturation, Depressive Symptoms, and Life Satisfaction Among Older Iranian Immigrants in Canada}},
    year = {2015},
    journal = {Clinical Gerontologist},
    author = {Moztarzadeh, Amir and O‚ÄôRourke, Norm},
    number = {2},
    pages = {114--130},
    volume = {38},
    doi = {10.1080/07317115.2014.990601},
    issn = {15452301},
    keywords = {Farsi, Iran, acculturation, depressive symptoms, immigrants, life satisfaction}
}

@article{Birman2008,
    title = {{Psychological distress and adjustment of Vietnamese refugees in the United States: Association with pre- and postmigration factors.}},
    year = {2008},
    journal = {American Journal of Orthopsychiatry},
    author = {Birman, Dina and Tran, Nellie},
    number = {1},
    month = {1},
    pages = {109--120},
    volume = {78},
    url = {http://doi.apa.org/getdoi.cfm?doi=10.1037/0002-9432.78.1.109},
    doi = {10.1037/0002-9432.78.1.109},
    issn = {1939-0025}
}

@article{Ataca2002,
    title = {{Psychological, sociocultural, and marital adaptation of Turkish immigrant couples in Canada}},
    year = {2002},
    journal = {International Journal of Psychology},
    author = {Ataca, Bilge and Berry, John W},
    number = {1},
    month = {2},
    pages = {13--26},
    volume = {37},
    url = {http://doi.wiley.com/10.1080/00207590143000135},
    doi = {10.1080/00207590143000135},
    issn = {0020-7594}
}

@book{Ramirez1983,
    title = {{Psychology of Americas: Mestizo perspective on personality and mental health}},
    year = {1983},
    author = {Ramirez, Manuel},
    publisher = {Pergamon},
    address = {New York, NY},
    isbn = {0080263119}
}

@article{Rudmin2001a,
    title = {{Psychometric critique of acculturation psychology: The case of Iranian migrants in Norway}},
    year = {2001},
    journal = {Scandinavian Journal of Psychology},
    author = {Rudmin, Floyd W. and Ahmadzadeh, Vali},
    number = {1},
    month = {2},
    pages = {41--56},
    volume = {42},
    url = {https://onlinelibrary.wiley.com/doi/abs/10.1111/1467-9450.00213},
    doi = {10.1111/1467-9450.00213},
    issn = {0036-5564},
    pmid = {11273578},
    keywords = {Acculturation, Acquiescence, Enculturation, Ipsative, Marginalization, Migrants}
}

@article{Rudmin2001,
    title = {{Psychometric critique of acculturation psychology: The case of Iranian migrants in Norway}},
    year = {2001},
    journal = {Scandinavian Journal of Psychology},
    author = {Rudmin, Floyd W and Ahmadzadeh, Vali},
    number = {1},
    month = {2},
    pages = {41--56},
    volume = {42},
    url = {http://www.ncbi.nlm.nih.gov/pubmed/11273578 https://onlinelibrary.wiley.com/doi/abs/10.1111/1467-9450.00213},
    doi = {10.1111/1467-9450.00213},
    issn = {0036-5564},
    pmid = {11273578},
    keywords = {Acculturation, Adaptation, Adult, Confounding Factors (Epidemiology), Female, Humans, Iran, Iran: ethnology, Male, Models, Norway, Psychological, Psychometrics, Psychometrics: methods, Reproducibility of Results, Transients and Migrants, Transients and Migrants: psychology}
}

@article{Sodowsky1991,
    title = {{Psychometric Properties of the American-International Relations Scale}},
    year = {1991},
    journal = {Educational and Psychological Measurement},
    author = {Sodowsky, Gargi Roysircar and Plake, Barbara S.},
    number = {1},
    pages = {207--216},
    volume = {51},
    doi = {10.1177/0013164491511020},
    issn = {15523888}
}

@article{Hishinuma2000,
    title = {{Psychometric properties of the Hawaiian Culture Scale - Adolescent Version}},
    year = {2000},
    journal = {Psychological Assessment},
    author = {Hishinuma, Earl S. and Andrade, Naleen N. and Johnson, Ronald C. and McArdle, John J. and Miyamoto, Robin H. and Nahulu, Linda B. and Makini, George K. and Yuen, Noelle Y.C. and Nishimura, Stephanie T. and McDermott, John F. and Waldron, Jane A. and Luke, Kenneth N. and Yates, Alayne},
    number = {2},
    pages = {140--157},
    volume = {12},
    doi = {10.1037/1040-3590.12.2.140},
    issn = {10403590},
    pmid = {10887760}
}

@article{Norris1996,
    title = {{Psychometrics of a Brief Acculturation Scale for Hispanics in a Probability Sample of Urban Hispanic Adolescents and Young Adults}},
    year = {1996},
    journal = {Hispanic Journal of Behavioral Sciences},
    author = {Norris, Anne E. and Ford, Kathleen and Bova, Carol A.},
    number = {1},
    month = {2},
    pages = {29--38},
    volume = {18},
    isbn = {0893-3200},
    doi = {10.1177/07399863960181004},
    issn = {0739-9863},
    pmid = {803973233},
    arxivId = {0803973233}
}

@article{Spanea2008,
    title = {{Psychosocial factors, acculturation and mental health in Albanian and Bulgarian economic immigrants in Greece.}},
    year = {2008},
    journal = {Psychology: The Journal of the Hellenic Psychological Society},
    author = {Spanea, Efrosyni and Kalantzi-Azizi, Anastasia},
    number = {1},
    pages = {32--54},
    volume = {15}
}

@phdthesis{Yoon2018,
    title = {{Purpose development, acculturation, and identity among South Sudanese unaccompanied refugee minors: A multimethod analysis of longitudinal adjustment outcomes}},
    year = {2018},
    author = {Yoon, Junghee},
    school = {Michigan State University}
}

@article{DRozario2008,
    title = {{Re-Conceptualization of Literature in Marketing on the Measurement of Differences within Immigrant/Ethnic Populations}},
    year = {2008},
    journal = {Journal of Immigrant {\&} Refugee Studies},
    author = {D'Rozario, Denver and Bryant, Frank},
    number = {4},
    month = {6},
    pages = {75--102},
    volume = {5},
    url = {http://www.informaworld.com/openurl?genre=article&doi=10.1080/15362940802179140&magic=crossref%7C%7CD404A21C5BB053405B1A640AFFD44AE3},
    isbn = {1536294080217},
    doi = {10.1080/15362940802179140},
    issn = {1556-2948},
    keywords = {acculturation, assimilation, ethnic groups, immigrants, intra-ethnic-group-dilferences, literature-review, measurement, minori-}
}

@article{Garrett2000,
    title = {{Red as an apple: Native American acculturation and counseling with or without reservation}},
    year = {2000},
    journal = {Journal of Counseling and Development},
    author = {Garrett, Michael Tlanusta and Pichette, Eugene F.},
    number = {1},
    pages = {3--13},
    volume = {78},
    doi = {10.1002/j.1556-6676.2000.tb02554.x},
    issn = {07489633}
}

@article{Dawson1996,
    title = {{Refining the meaning and measurement of acculturation: Revisiting a novel methodological approach}},
    year = {1996},
    journal = {International Journal of Intercultural Relations},
    author = {Dawson, Edwin J. and Crano, William D. and Burgoon, Michael},
    number = {1},
    pages = {97--114},
    volume = {20},
    doi = {10.1016/0147-1767(95)00041-0},
    issn = {01471767}
}

@article{Wiley2013,
    title = {{Rejection-identification among Latino immigrants in the United States}},
    year = {2013},
    journal = {International Journal of Intercultural Relations},
    author = {Wiley, Shaun},
    number = {3},
    month = {5},
    pages = {375--384},
    volume = {37},
    publisher = {Elsevier Ltd},
    url = {http://dx.doi.org/10.1016/j.ijintrel.2012.08.018 https://linkinghub.elsevier.com/retrieve/pii/S0147176712001149},
    doi = {10.1016/j.ijintrel.2012.08.018},
    issn = {01471767},
    keywords = {Biculturalism, Disidentification, Immigrant, Latino, Rejection-identification}
}

@article{VanTubergen2007,
    title = {{Religious Affiliation and Participation among Immigrants in a Secular Society: A Study of Immigrants in The Netherlands}},
    year = {2007},
    journal = {Journal of Ethnic and Migration Studies},
    author = {van Tubergen, Frank},
    number = {5},
    month = {7},
    pages = {747--765},
    volume = {33},
    url = {http://www.tandfonline.com/doi/abs/10.1080/13691830701359181},
    isbn = {1369183070},
    doi = {10.1080/13691830701359181},
    issn = {1369-183X},
    keywords = {Immigration, Integration, Religion, The Netherlands}
}

@article{Benson2012,
    title = {{Religious coping and acculturation stress among Hindu Bhutanese: A study of newly-resettled refugees in the United States}},
    year = {2012},
    journal = {International Social Work},
    author = {Benson, G. Odessa and Sun, Fei and Hodge, David R. and Androff, David K.},
    number = {4},
    month = {7},
    pages = {538--553},
    volume = {55},
    url = {http://journals.sagepub.com/doi/10.1177/0020872811417474},
    doi = {10.1177/0020872811417474},
    issn = {0020-8728},
    keywords = {Bhutan, Hinduism, acculturation stress, refugees, religious coping}
}

@article{Cuellar2004,
    title = {{Residency in the United States, subjective well-being, and depression in an older Mexican-origin sample}},
    year = {2004},
    journal = {Journal of Aging and Health},
    author = {Cuellar, Israel and Bastida, Elena and Braccio, Sara Maria},
    number = {4},
    pages = {447--466},
    volume = {16},
    doi = {10.1177/0898264304265764},
    issn = {08982643},
    keywords = {Acculturation, Depression, Elderly, Mental health, Mexican American, Mexican immigrants, Well-being}
}

@article{Garcia2016,
    title = {{Resisting Assimilation and Other Forms of Integration}},
    year = {2016},
    journal = {Sociology Compass},
    author = {Garcia, Jesus A.},
    number = {6},
    month = {6},
    pages = {468--476},
    volume = {10},
    url = {http://doi.wiley.com/10.1111/soc4.12365},
    doi = {10.1111/soc4.12365},
    issn = {17519020}
}

@article{Bhatia2001,
    title = {{Rethinking 'Acculturation' in Relation to Diasporic Cultures and Postcolonial Identities}},
    year = {2001},
    journal = {Human Development},
    author = {Bhatia, Sunil and Ram, Anjali},
    number = {1},
    pages = {1--18},
    volume = {44},
    doi = {10.1159/000057036},
    issn = {0018716X},
    keywords = {Acculturation, Cross-cultural psychology, Cultural identity, Diaspora, Human development, Immigrants, Postcolonial theory}
}

@article{Klonoff2000,
    title = {{Revising and Improving the African American Acculturation Scale}},
    year = {2000},
    journal = {Journal of Black Psychology},
    author = {Klonoff, Elizabeth A. and Landrine, Hope},
    number = {2},
    pages = {235--261},
    volume = {26},
    doi = {10.1177/0095798400026002007},
    issn = {00957984}
}

@article{Gecas1973,
    title = {{Self-Conceptions of Migrant and Settled Mexican Aamericans}},
    year = {1973},
    journal = {Social Science Quarterly},
    author = {Gecas, Victor},
    number = {3},
    pages = {579--595},
    volume = {54}
}

@article{Kosic2006,
    title = {{Self-monitoring: A moderating role between acculturation strategies and adaptation of immigrants}},
    year = {2006},
    journal = {International Journal of Intercultural Relations},
    author = {Kosic, Ankica and Mannetti, Lucia and Sam, David L.},
    number = {2},
    month = {3},
    pages = {141--157},
    volume = {30},
    url = {https://linkinghub.elsevier.com/retrieve/pii/S0147176705001379},
    doi = {10.1016/j.ijintrel.2005.09.003},
    issn = {01471767}
}

@article{Barona1994,
    title = {{Short Acculturation Scale for Hispanic Youth (SASH-Y): A Preliminary Report}},
    year = {1994},
    journal = {Hispanic Journal of Behavioral Sciences},
    author = {Barona, Andres and Miller, Jeffrey A.},
    number = {2},
    month = {5},
    pages = {155--162},
    volume = {16},
    url = {http://hjb.sagepub.com.proxy.lib.umich.edu/content/9/2/183.full.pdf+html http://journals.sagepub.com/doi/10.1177/07399863940162005},
    isbn = {0893-3200},
    doi = {10.1177/07399863940162005},
    issn = {0739-9863},
    pmid = {803973233},
    arxivId = {0803973233}
}

@phdthesis{Le2012,
    title = {{Sibling acculturation discrepancy, sibling relationship quality and adjustment among Vietnamese and Chinese young adults in Canada: A mixed-method approach.}},
    year = {2012},
    author = {Le, Trang K},
    url = {http://ovidsp.ovid.com/ovidweb.cgi?T=JS&PAGE=reference&D=psyc9&NEWS=N&AN=2012-99200-310},
    isbn = {0419-4217},
    keywords = {*Acculturation, *Relationship Quality, *Sibling Relations, *Social Adjustment}
}

@article{Laroche2005,
    title = {{Similarities in Italian and Greek multi-dimensional Ethnic identity: Some implications for food consumption}},
    year = {2005},
    journal = {Canadian Journal of Administrative Sciences},
    author = {Laroche, Michel and Kim, Chankon and Tomiuk, Marc A. and B{\'{e}}lisle, Deny},
    number = {2},
    pages = {143--167},
    volume = {22},
    doi = {10.1111/j.1936-4490.2005.tb00715.x},
    issn = {08250383},
    keywords = {Ethnic food consumption, Ethnic identity, Greek-Canadians, Italian-Canadians, Multisample analysis}
}

@article{Young2002,
    title = {{Situations, interaction, process and affordances: An ecological psychology perspective}},
    year = {2002},
    journal = {Instructional Science},
    author = {Young, Michael F. and Depalma, Andrew and Garrett, Steven},
    number = {1},
    pages = {47--63},
    volume = {30},
    doi = {10.1023/A:1013537432164}
}

@article{Tatarko2020,
    title = {{Social capital, acculturation attitudes, and sociocultural adaptation of migrants from central Asian republics and South Korea in Russia}},
    year = {2020},
    journal = {Asian Journal of Social Psychology},
    author = {Tatarko, Alexander and Berry, John W. and Choi, Keunwon},
    month = {1},
    pages = {1--10},
    url = {https://onlinelibrary.wiley.com/doi/abs/10.1111/ajsp.12401},
    doi = {10.1111/ajsp.12401},
    issn = {1367-2223},
    keywords = {acculturation attitudes, bonding social capital, bridging social capital, migrants, sociocultural adaptation}
}

@article{Abdulahad2014,
    title = {{Social Capital: Understanding Acculturative Stress in the Canadian Iraqi-Christian Community}},
    year = {2014},
    journal = {British Journal of Social Work},
    author = {Abdulahad, Raika and Graham, John R. and Montelpare, William J. and Brownlee, Keith},
    number = {3},
    month = {4},
    pages = {694--713},
    volume = {44},
    url = {https://academic.oup.com/bjsw/article-lookup/doi/10.1093/bjsw/bcs160},
    doi = {10.1093/bjsw/bcs160},
    issn = {0045-3102},
    keywords = {Acculturative stress, Canadian Iraqi-Christians, Diaspora, Immigrants, Multicultural social work, Social capital}
}

@incollection{Herzog2018,
    title = {{Social Fact}},
    year = {2018},
    booktitle = {The Blackwell Encyclopedia of Sociology},
    author = {Herzog, Patricia Snell},
    editor = {Ritzer, G.},
    month = {12},
    pages = {1--4},
    publisher = {John Wiley {\&} Sons, Ltd},
    url = {http://doi.wiley.com/10.1002/9781405165518.wbeoss151.pub2},
    address = {Oxford, UK},
    isbn = {9781405165518},
    doi = {10.1002/9781405165518.wbeoss151.pub2}
}

@article{Chan2016,
    title = {{Social Inclusion and Health Conditions Among Chinese Immigrants in Hong Kong and the United Kingdom: An Exploratory Study}},
    year = {2016},
    journal = {Social Indicators Research},
    author = {Chan, Kara and Huxley, Peter J. and Chiu, Marcus Yu-Lung and Evans, Sherrill and Ma, Yanni},
    number = {2},
    month = {3},
    pages = {657--672},
    volume = {126},
    url = {http://link.springer.com/10.1007/s11205-015-0910-0},
    doi = {10.1007/s11205-015-0910-0},
    issn = {0303-8300},
    keywords = {Cross-cultural study, Discrimination, Health conditions, Immigration policy, Need assessment}
}

@article{Ford2014,
    title = {{Social Integration, AIDS Knowledge and Factors Related to HIV Prevention Among Migrant Workers in Thailand}},
    year = {2014},
    journal = {AIDS and Behavior},
    author = {Ford, Kathleen and Chamratrithirong, Aphichat and Apipornchaisakul, Kanya and Panichapak, Promboon and Pinyosinwat, Thongphit},
    number = {2},
    month = {2},
    pages = {390--397},
    volume = {18},
    url = {http://link.springer.com/10.1007/s10461-013-0410-7},
    doi = {10.1007/s10461-013-0410-7},
    issn = {1090-7165},
    pmid = {23325377},
    keywords = {AIDS knowledge, Condom, Integration, Migrant}
}

@article{Leong2014,
    title = {{Social markers of acculturation: A new research framework on intercultural adaptation}},
    year = {2014},
    journal = {International Journal of Intercultural Relations},
    author = {Leong, Chan-Hoong},
    number = {1},
    month = {1},
    pages = {120--132},
    volume = {38},
    publisher = {Elsevier Ltd},
    url = {http://dx.doi.org/10.1016/j.ijintrel.2013.08.006 https://linkinghub.elsevier.com/retrieve/pii/S0147176713000886},
    doi = {10.1016/j.ijintrel.2013.08.006},
    issn = {01471767},
    keywords = {Acculturation, Conflictual, Convergence, Divergence, Host nationals, Identity, Immigrants, Immigration, Ingroup, Intercultural contact, Naturalization, Singapore}
}

@book{Hogg2005,
    title = {{Social Psychology}},
    year = {2005},
    author = {Hogg, M. and Vaughan, G.},
    publisher = {Prentice-Hall},
    address = {London, UK}
}

@article{Zlobina2006,
    title = {{Sociocultural adjustment of immigrants: Universal and group-specific predictors}},
    year = {2006},
    journal = {International Journal of Intercultural Relations},
    author = {Zlobina, Anna and Basabe, Nekane and Paez, Dario and Furnham, Adrian},
    number = {2},
    month = {3},
    pages = {195--211},
    volume = {30},
    url = {https://linkinghub.elsevier.com/retrieve/pii/S014717670500101X},
    doi = {10.1016/j.ijintrel.2005.07.005},
    issn = {01471767},
    keywords = {Cultural distance, Immigration, Social difficulty, Sociocultural adjustment}
}

@article{Mokounkolo2008,
    title = {{Sociodemographic and psychological variables related to socioculturel, acculturative orientation of North African immigrants in France}},
    year = {2008},
    journal = {South African Journal of Psychology},
    author = {Mokounkolo, Ren√© and Taillandier-Schmitt, Anne},
    number = {4},
    pages = {689--698},
    volume = {38},
    doi = {10.1177/008124630803800408},
    issn = {00812463},
    keywords = {Acculturative orientation, North African immigrants in France, Sociocultural, Sociodemographic and psychological predictors}
}

@article{Franzini2004,
    title = {{Socioeconomic, cultural, and personal influences on health outcomes in low income Mexican-origin individuals in Texas}},
    year = {2004},
    journal = {Social Science {\&} Medicine},
    author = {Franzini, Luisa and Fernandez-Esquer, Maria Eugenia},
    number = {8},
    month = {10},
    pages = {1629--1646},
    volume = {59},
    url = {https://linkinghub.elsevier.com/retrieve/pii/S0277953604000735},
    doi = {10.1016/j.socscimed.2004.02.014},
    issn = {02779536},
    keywords = {Acculturation, Health status indicators, Immigration, Mexican-Americans, Socioeconomic factors}
}

@article{VanNiejenhuis2018,
    title = {{Sojourners‚Äô second language learning and integration. The moderating effect of multicultural personality traits}},
    year = {2018},
    journal = {International Journal of Intercultural Relations},
    author = {van Niejenhuis, Coby and Otten, Sabine and Flache, Andreas},
    number = {June 2017},
    pages = {68--79},
    volume = {63},
    publisher = {Elsevier},
    url = {https://doi.org/10.1016/j.ijintrel.2018.01.001},
    doi = {10.1016/j.ijintrel.2018.01.001},
    issn = {01471767},
    keywords = {Identification with the host society, Integration, Migration, Multicultural personality, Outgroup attitudes, Second language proficiency, Sojourners}
}

@article{McKim1977,
    title = {{Some Effects of the Community on Cultural Integration}},
    year = {1977},
    journal = {The Sociological Quarterly},
    author = {McKim, Judith L. and Davison, Victoria F. and Shannon, Lyle W.},
    number = {4},
    month = {9},
    pages = {518--535},
    volume = {18},
    url = {https://www.tandfonline.com/doi/full/10.1111/j.1533-8525.1977.tb01142.x},
    doi = {10.1111/j.1533-8525.1977.tb01142.x},
    issn = {0038-0253}
}

@article{Scott1985,
    title = {{Some predictors of migrant adaptation available at selection time}},
    year = {1985},
    journal = {Australian Psychologist},
    author = {Scott, William A. and Scott, Ruth},
    number = {3},
    pages = {313--343},
    volume = {20},
    doi = {10.1080/00050068508256176},
    issn = {17429544}
}

@article{Greenhalgh2006,
    title = {{Story-based scales: Development and validation of questionnaires to measure subjective health status and cultural adherence in British Bangladeshis with diabetes}},
    year = {2006},
    journal = {Psychology, Health and Medicine},
    author = {Greenhalgh, Trisha and Chowdhury, Mu'min and Wood, Gary W.},
    number = {4},
    pages = {432--448},
    volume = {11},
    doi = {10.1080/13548500500429379},
    issn = {13548506},
    pmid = {17129920},
    keywords = {Cross-cultural, Cultural adherence, Cultural assimilation, Health-related quality of life, Minority ethnic groups, Questionnaires, Translation}
}

@incollection{Berry2006a,
    title = {{Stress perspectives on acculturation}},
    year = {2006},
    booktitle = {The Cambridge Handbook of Acculturation Psychology},
    author = {Berry, John W.},
    editor = {Sam, David L. and Berry, John W.},
    pages = {43--57},
    publisher = {Cambridge University Press},
    url = {https://www.cambridge.org/core/product/identifier/9780511489891%23c84924-153/type/book_part},
    address = {Cambridge},
    doi = {10.1017/CBO9780511489891.007}
}

@article{Li2014,
    title = {{Stress, Illness, and the Social Environment: Depressive Symptoms Among First Generation Mandarin Speaking Chinese in Greater Los Angeles}},
    year = {2014},
    journal = {Journal of Immigrant and Minority Health},
    author = {Li, Yueling and Hofstetter, C. Richard and Irving, Veronica and Chhay, Doug and Hovell, Melbourne F.},
    number = {6},
    month = {12},
    pages = {1035--1044},
    volume = {16},
    url = {http://link.springer.com/10.1007/s10903-013-9953-y},
    doi = {10.1007/s10903-013-9953-y},
    issn = {1557-1912},
    keywords = {Depressive symptoms, Ecological factors, Immigrant depression, Stress}
}

@article{Cernovsky2006,
    title = {{Stressful Events and Assimilation Level of Refugees}},
    year = {2006},
    journal = {Social Behavior and Personality: an international journal},
    author = {Cernovsky, Zack Z.},
    number = {1},
    pages = {27--33},
    volume = {18},
    doi = {10.2224/sbp.1990.18.1.27},
    issn = {03012212},
    keywords = {about the relationship of, additional stressful events such, as serious, assimilation level of refugees, assimilation scale, czechoslovak refugees, escape and resettlement are, family conflicts, however, illness, known, little is, major stressful events in, post-escape life stress, stressful events, the life of refugees}
}

@article{Lee2012,
    title = {{Stressors related to depression among elderly korean immigrants}},
    year = {2012},
    journal = {Issues in Mental Health Nursing},
    author = {Lee, Young Me and Holm, Karyn},
    number = {1},
    pages = {52--58},
    volume = {33},
    doi = {10.3109/01612840.2011.618965},
    issn = {01612840}
}

@article{Swanson2020,
    title = {{Structure‚Äìfunction subsystem models of female and male forebrain networks integrating cognition, affect, behavior, and bodily functions}},
    year = {2020},
    journal = {Proceedings of the National Academy of Sciences},
    author = {Swanson, Larry W and Hahn, Joel D and Sporns, Olaf},
    month = {11},
    pages = {202017733},
    url = {http://www.pnas.org/lookup/doi/10.1073/pnas.2017733117 http://www.ncbi.nlm.nih.gov/pubmed/33229546},
    doi = {10.1073/pnas.2017733117},
    issn = {0027-8424},
    pmid = {33229546},
    keywords = {Alzheimer‚Äôs disease, connectomics, depression, neuroinformatics, sexual dimorphisms}
}

@article{Murray2010,
    title = {{Sudanese perspectives on resettlement in australia}},
    year = {2010},
    journal = {Journal of Pacific Rim Psychology},
    author = {Murray, Kate E.},
    number = {1 SPEC. ISSUE},
    pages = {30--43},
    volume = {4},
    doi = {10.1375/prp.4.1.30},
    issn = {18344909},
    keywords = {Australia, Mixed methods, Refugee settlement, Sudanese}
}

@article{Khawaja2016,
    title = {{Taiwanese Migrants in Australia: An Investigation of Their Acculturation and Wellbeing}},
    year = {2016},
    journal = {Journal of Pacific Rim Psychology},
    author = {Khawaja, Nigar G. and Yang, Sabrina and Cockshaw, Wendell},
    number = {E4},
    month = {4},
    pages = {1--10},
    volume = {10},
    url = {https://www.cambridge.org/core/product/identifier/S1834490916000015/type/journal_article},
    doi = {10.1017/prp.2016.1},
    issn = {1834-4909},
    keywords = {Acculturation, Acculturation strategies, Life satisfaction, Migration, Psychological distress and Taiwanese migrants}
}

@article{Repke2018,
    title = {{The (Diverse) Company You Keep: Content and Structure of Immigrants‚Äô Social Networks as a Window Into Intercultural Relations in Catalonia}},
    year = {2018},
    journal = {Journal of Cross-Cultural Psychology},
    author = {Repke, Lydia and Benet-Mart{\'{i}}nez, Ver√≥nica},
    number = {6},
    pages = {924--944},
    volume = {49},
    isbn = {0022022117733},
    doi = {10.1177/0022022117733475},
    issn = {15525422},
    keywords = {acculturation, adjustment, bicultural identity integration, immigration, interculturalism, personal social networks}
}

@article{Zea2003,
    title = {{The abbreviated multidimensional acculturation scale: Empirical validation with two Latino/Latina samples}},
    year = {2003},
    journal = {Cultural Diversity and Ethnic Minority Psychology},
    author = {Zea, Maria Cecilia and Asner-Self, Kimberly K. and Birman, Dina and Buki, Lydia P.},
    number = {2},
    pages = {107--126},
    volume = {9},
    doi = {10.1037/1099-9809.9.2.107},
    issn = {10999809},
    pmid = {12760324},
    keywords = {Acculturation, Biculturalism, Cultural competence, Ethnic identity, Language competence, Latinos/Latinas}
}

@book{VanHarreveld2015,
    title = {{The ABC of Ambivalence: Affective, Behavioral, and Cognitive Consequences of Attitudinal Conflict}},
    year = {2015},
    booktitle = {Advances in Experimental Social Psychology},
    author = {van Harreveld, Frenk and Nohlen, Hannah U. and Schneider, Iris K.},
    edition = {1},
    pages = {285--324},
    volume = {52},
    publisher = {Elsevier Inc.},
    url = {http://dx.doi.org/10.1016/bs.aesp.2015.01.002},
    isbn = {9780128022474},
    doi = {10.1016/bs.aesp.2015.01.002},
    issn = {00652601},
    keywords = {Ambivalence, Attitudes, Choice, Conflict, Coping, Decision-making, Uncertainty}
}

@article{Harris2015,
    title = {{The ABC's of suicide risk assessment: Applying a tripartite approach to individual evaluations}},
    year = {2015},
    journal = {PLoS ONE},
    author = {Harris, Keith M. and Syu, Jia Jia and Lello, Owen D. and Chew, Y. L.Eileen and Willcox, Christopher H. and Ho, Roger H.M.},
    number = {6},
    pages = {1--21},
    volume = {10},
    doi = {10.1371/journal.pone.0127442},
    issn = {19326203},
    pmid = {26030590}
}

@incollection{Ward2001,
    title = {{The ABCs of Acculturation}},
    year = {2001},
    booktitle = {Handbook of culture and psychology},
    author = {Ward, Colleen},
    editor = {Matsumoto, David},
    pages = {411‚Äì 446},
    publisher = {Oxford University Press},
    address = {Oxford, UK}
}

@article{Nguyen2002,
    title = {{The acculturation scale for Vietnamese adolescents (ASVA): A bidimensional perspective}},
    year = {2002},
    journal = {International Journal of Behavioral Development},
    author = {Nguyen, Huong H. and von Eye, Alexander},
    number = {3},
    pages = {202--213},
    volume = {26},
    doi = {10.1080/01650250042000672},
    issn = {01650254}
}

@article{Landrine1994,
    title = {{The African American Acculturation Scale: Development, Reliability, and Validity}},
    year = {1994},
    journal = {Journal of Black Psychology},
    author = {Landrine, Hope and Klonoff, Elizabeth A.},
    number = {2},
    month = {5},
    pages = {104--127},
    volume = {20},
    url = {http://journals.sagepub.com/doi/10.1177/00957984940202002},
    doi = {10.1177/00957984940202002},
    issn = {0095-7984}
}

@article{Unger2002,
    title = {{The AHIMSA acculturation scale: A new measure of acculturation for adolescents in a multicultural society}},
    year = {2002},
    journal = {Journal of Early Adolescence},
    author = {Unger, Jennifer B. and Gallaher, Peggy and Shakib, Sohaila and Ritt-Olson, Anamara and Palmer, Paula H. and Johnson, C. Anderson},
    number = {3},
    pages = {225--251},
    volume = {22},
    doi = {10.1177/02731602022003001},
    issn = {02724316}
}

@article{Kim1999,
    title = {{The Asian Values Scale: Development, factor analysis, validation, and reliability.}},
    year = {1999},
    journal = {Journal of Counseling Psychology},
    author = {Kim, Bryan S K and Atkinson, Donald R and Yang, Peggy H},
    number = {3},
    month = {7},
    pages = {342--352},
    volume = {46},
    url = {http://doi.apa.org/getdoi.cfm?doi=10.1037/0022-0167.46.3.342},
    doi = {10.1037/0022-0167.46.3.342},
    issn = {1939-2168}
}

@article{Yao1979,
    title = {{The Assimilation of Contemporary Chinese Immigrants}},
    year = {1979},
    journal = {The Journal of Psychology},
    author = {Yao, Esther Lee},
    number = {1},
    month = {1},
    pages = {107--113},
    volume = {101},
    url = {http://www.tandfonline.com/doi/abs/10.1080/00223980.1979.9915060},
    doi = {10.1080/00223980.1979.9915060},
    issn = {0022-3980}
}

@article{Nakash2015,
    title = {{The association between acculturation patterns and mental health symptoms among eritrean and sudanese asylum seekers in Israel}},
    year = {2015},
    journal = {Cultural Diversity and Ethnic Minority Psychology},
    author = {Nakash, Ora and Nagar, Maayan and Shoshani, Anat and Lurie, Ido},
    number = {3},
    pages = {468--476},
    volume = {21},
    doi = {10.1037/a0037534},
    issn = {19390106},
    keywords = {Acculturation, Africa, Anxiety, Asylum seeker, Depression, Forced migration, Israel, Mental health}
}

@article{Zlotnick2020,
    title = {{The Association Between Acculturation Variables and Life Satisfaction Among Israeli Immigrants from Four English-Speaking Countries}},
    year = {2020},
    journal = {Journal of Happiness Studies},
    author = {Zlotnick, Cheryl and Dryjanska, Laura and Suckerman, Suzanne},
    number = {4},
    month = {4},
    pages = {1427--1444},
    volume = {21},
    publisher = {Springer Netherlands},
    url = {https://doi.org/10.1007/s10902-019-00137-3 http://link.springer.com/10.1007/s10902-019-00137-3},
    isbn = {0123456789},
    doi = {10.1007/s10902-019-00137-3},
    issn = {1389-4978},
    keywords = {Acculturation, Diaspora, Expectations, Immigrants, Life satisfaction}
}

@article{Haverkamp2016,
    title = {{The association of acculturation and depressive and anxiety symptoms in immigrant chronic dialysis patients}},
    year = {2016},
    journal = {General Hospital Psychiatry},
    author = {Haverkamp, Gertrud L.G. and Loosman, Wim L. and van den Beukel, Tessa O. and Hoekstra, Tiny and Dekker, Friedo W. and Chandie Shaw, Prataap K. and Smets, Yves F.C. and Vleming, Louis-Jean and Ter Wee, Pieter M. and Honig, Adriaan and Siegert, Carl E.H.},
    month = {1},
    pages = {26--30},
    volume = {38},
    publisher = {Elsevier B.V.},
    url = {http://dx.doi.org/10.1016/j.genhosppsych.2015.09.002 https://linkinghub.elsevier.com/retrieve/pii/S0163834315002005},
    doi = {10.1016/j.genhosppsych.2015.09.002},
    issn = {01638343},
    keywords = {Acculturation, Anxiety symptoms, Depressive symptoms, Immigrant chronic dialysis patients}
}

@article{Tinghog2010,
    title = {{The association of immigrant- and non-immigrant-specific factors with mental ill health among immigrants in Sweden}},
    year = {2010},
    journal = {International Journal of Social Psychiatry},
    author = {Tingh{\"{o}}g, Petter and Al-Saffar, Suad and Carstensen, John and Nordenfelt, Lennart},
    number = {1},
    pages = {74--93},
    volume = {56},
    doi = {10.1177/0020764008096163},
    issn = {00207640},
    keywords = {Living conditions, Mental ill health, Migration, Risk factors, Sweden, Trauma}
}

@article{Rissel1997,
    title = {{The development and application of a scale of acculturation}},
    year = {1997},
    journal = {Australian and New Zealand Journal of Public Health},
    author = {Rissel, Chris},
    number = {6},
    pages = {606--613},
    volume = {21},
    doi = {10.1111/j.1467-842X.1997.tb01764.x},
    issn = {13260200},
    pmid = {9470267}
}

@article{Zimmerman1996,
    title = {{The Development of a Measure of Enculturation for Native American Youth}},
    year = {1996},
    journal = {American Journal of Community Psychology},
    author = {Zimmerman, Marc A. and Ramirez-Valles, Jesus and Washienko, Kathleen M. and Walter, Benjamin and Dyer, Sandra},
    number = {2},
    pages = {295--310},
    volume = {24},
    doi = {10.1007/BF02510403},
    issn = {00910562},
    pmid = {8795263},
    keywords = {Enculturation, Ethnic identity, Minority culture, Native American}
}

@article{Murguia2000,
    title = {{The development of the cultural health attributions questionnaire (CHAQ)}},
    year = {2000},
    journal = {Cultural Diversity and Ethnic Minority Psychology},
    author = {Murgu{\'{i}}a, Alejandro and Zea, Maria Cecilia and Reisen, Carol A. and Peterson, Rolf A.},
    number = {3},
    pages = {268--283},
    volume = {6},
    doi = {10.1037/1099-9809.6.3.268},
    issn = {10999809},
    pmid = {10938635},
    keywords = {Assessment, Ethnomedical, Health beliefs, Health care, Latinos, Utilization}
}

@incollection{Brown2011,
    title = {{The Dynamics of Acculturation}},
    year = {2011},
    booktitle = {Advances in Experimental Social Psychology},
    author = {Brown, Rupert and Zagefka, Hanna},
    pages = {129--184},
    volume = {44},
    url = {https://linkinghub.elsevier.com/retrieve/pii/B9780123855220000032},
    isbn = {9780123855220},
    doi = {10.1016/B978-0-12-385522-0.00003-2},
    issn = {00652601},
    keywords = {Acculturation, Ingroup, Intergroup, Migration, Outgroup}
}

@article{Harris1996,
    title = {{The Greek-American Acculturation Scale: Development and Validity}},
    year = {1996},
    journal = {Psychological Reports},
    author = {Harris, Allen C and Verven, Renee},
    number = {2},
    month = {4},
    pages = {599--610},
    volume = {78},
    url = {http://journals.sagepub.com/doi/10.2466/pr0.1996.78.2.599},
    doi = {10.2466/pr0.1996.78.2.599},
    issn = {0033-2941}
}

@article{Shin1999,
    title = {{The Homesickness and Contentment Scale: Developing a Culturally Sensitive Measure of Adjustment for Asians}},
    year = {1999},
    journal = {Research on Social Work Practice},
    author = {Shin, Heajong and Abell, Neil},
    number = {1},
    pages = {45--60},
    volume = {9},
    doi = {10.1177/104973159900900104},
    issn = {10497315}
}

@article{Park2014,
    title = {{The impact of acculturation and acculturative stress on alcohol use across Asian immigrant subgroups}},
    year = {2014},
    journal = {Substance Use and Misuse},
    author = {Park, So Youn and Anastas, Jeane and Shibusawa, Tazuko and Nguyen, Duy},
    number = {8},
    pages = {922--931},
    volume = {49},
    doi = {10.3109/10826084.2013.855232},
    issn = {15322491},
    keywords = {Acculturation, Acculturative stress, Asian Americans}
}

@article{Abu-Bader2011,
    title = {{The Impact of Acculturation on Depression Among Older Muslim Immigrants in the United States}},
    year = {2011},
    journal = {Journal of Gerontological Social Work},
    author = {Abu-Bader, Soleman H. and Tirmazi, M. Taqi and Ross-Sheriff, Fariyal},
    number = {4},
    month = {5},
    pages = {425--448},
    volume = {54},
    url = {https://www.tandfonline.com/doi/full/10.1080/01634372.2011.560928},
    doi = {10.1080/01634372.2011.560928},
    issn = {0163-4372},
    keywords = {Acculturation, Depression, Elderly, Health locus of control, Iimmigrants, Muslim}
}

@phdthesis{Alkhiary2015,
    title = {{The influence of Americanization on savings behavior and practices among Saudi Arabian families immigrants in the United States}},
    year = {2015},
    author = {Alkhiary, Adnan Mohammed},
    school = {Kansas State University}
}

@article{Miglietta2009,
    title = {{The influence of length of stay, linguistic competence, and media exposure in immigrants' adaptation}},
    year = {2009},
    journal = {Cross-Cultural Research},
    author = {Miglietta, Anna and Tartaglia, Stefano},
    number = {1},
    pages = {46--61},
    volume = {43},
    doi = {10.1177/1069397108326289},
    issn = {10693971},
    keywords = {Acculturation process, Emotional belonging, Language, Length of stay}
}

@article{Kateri2009,
    title = {{The influence of self-construal on acculturation of Indian and Albanian immigrants in Greece: The implications for psychological health.}},
    year = {2009},
    journal = {Psychology: The Journal of the Hellenic Psychological Society},
    author = {Kateri, Evangelia and Karademas, Evangelos},
    number = {3},
    pages = {302--320},
    volume = {16}
}

@book{Turner1997,
    title = {{The Institutional Order}},
    year = {1997},
    author = {Turner, Jonathan H.},
    publisher = {Longman},
    address = {New York, NY}
}

@article{Schlueter2012,
    title = {{The Inter-Ethnic Friendships of Immigrants with Host-Society Members: Revisiting the Role of Ethnic Residential Segregation}},
    year = {2012},
    journal = {Journal of Ethnic and Migration Studies},
    author = {Schlueter, Elmar},
    number = {1},
    month = {1},
    pages = {77--91},
    volume = {38},
    url = {http://www.tandfonline.com/doi/abs/10.1080/1369183X.2012.640017},
    doi = {10.1080/1369183X.2012.640017},
    issn = {1369-183X},
    keywords = {Germany, Inter-Ethnic Friendships, Multilevel Analyses, Residential Segregation, Social Integration}
}

@article{McCaffrey2008,
    title = {{The Lived Experience of Haitian Older Adults‚Äô Integration Into a Senior Center in Southeast Florida}},
    year = {2008},
    journal = {Journal of Transcultural Nursing},
    author = {McCaffrey, Ruth},
    number = {1},
    pages = {33--39},
    volume = {19},
    doi = {10.1177/1043659607309139},
    issn = {10436596},
    keywords = {Haitian, integration, older adults, senior centers}
}

@article{Tsai2000,
    title = {{The meaning of "being Chinese" and "being American": Variation among Chinese American young adults}},
    year = {2000},
    journal = {Journal of Cross-Cultural Psychology},
    author = {Tsai, Jeanne L. and Ying, Yu Wen and Lee, Peter A.},
    number = {3},
    pages = {302--332},
    volume = {31},
    doi = {10.1177/0022022100031003002},
    issn = {00220221}
}

@article{Goldmann1998,
    title = {{The Measurement of Acculturation}},
    year = {1998},
    journal = {Canadian Studies in Population},
    author = {Goldmann, Gustave},
    number = {2},
    month = {12},
    pages = {115},
    volume = {25},
    url = {https://journals.library.ualberta.ca/csp/index.php/csp/article/view/15833},
    doi = {10.25336/P6J593},
    issn = {1927-629X}
}

@article{Mumford1998,
    title = {{The measurement of culture shock}},
    year = {1998},
    journal = {Social Psychiatry and Psychiatric Epidemiology},
    author = {Mumford, D. B.},
    number = {4},
    pages = {149--154},
    volume = {33},
    doi = {10.1007/s001270050037},
    issn = {0933-7954},
    pmid = {9567664}
}

@article{Huang2006,
    title = {{The mental health of Chinese immigrants in Birmingham, UK}},
    year = {2006},
    journal = {Ethnicity and Health},
    author = {Huang, Shu Ling and Spurgeon, Anne},
    number = {4},
    pages = {365--387},
    volume = {11},
    doi = {10.1080/13557850600824161},
    issn = {13557858},
    keywords = {Chinese, Immigrant, Life adjustment, Mental health}
}

@article{Oerlemans2010,
    title = {{The multicultural workplace: Interactive acculturation and intergroup relations}},
    year = {2010},
    journal = {Journal of Managerial Psychology},
    author = {Oerlemans, Wido G.M. and Peeters, Maria C.W.},
    number = {5},
    pages = {460--478},
    volume = {25},
    isbn = {0025174991},
    doi = {10.1108/02683941011048373},
    issn = {02683946},
    keywords = {Acculturation, Intergroup relations, Migrant workers, National cultures, The Netherlands}
}

@article{Phinney1992,
    title = {{The Multigroup Ethnic Identity Measure}},
    year = {1992},
    journal = {Journal of Adolescent Research},
    author = {Phinney, Jean S.},
    number = {2},
    month = {4},
    pages = {156--176},
    volume = {7},
    url = {http://journals.sagepub.com/doi/10.1177/074355489272003},
    doi = {10.1177/074355489272003},
    issn = {0743-5584}
}

@article{Stein1981,
    title = {{The Refugee Experience: Defining the Parameters of a Field of Study}},
    year = {1981},
    journal = {International Migration Review},
    author = {Stein, Barry N.},
    number = {1/2},
    pages = {320},
    volume = {15},
    url = {https://www.jstor.org/stable/2545346?origin=crossref},
    doi = {10.2307/2545346},
    issn = {01979183}
}

@article{Au1998,
    title = {{The relationship between acculturation and job satisfaction among Chinese immigrants in the New York city restaurant business}},
    year = {1998},
    journal = {International Journal of Hospitality Management},
    author = {Au, A. Y.W. and Garey, J. G. and Bermas, N. and Chan, M. M.},
    number = {1},
    pages = {11--21},
    volume = {17},
    doi = {10.1016/S0278-4319(97)00040-6},
    issn = {02784319},
    keywords = {Acculturation, Chinese restaurant workers, Immigrants, Job satisfaction}
}

@article{Zagefka2002,
    title = {{The relationship between acculturation strategies, relative fit and intergroup relations: Immigrant-majority relations in Germany}},
    year = {2002},
    journal = {European Journal of Social Psychology},
    author = {Zagefka, Hanna and Brown, Rupert},
    number = {2},
    pages = {171--188},
    volume = {32},
    doi = {10.1002/ejsp.73},
    issn = {00462772}
}

@article{Eifert1989,
    title = {{The Relationship between Affect, Behaviour, and Cognition in Behavioural and Cognitive Treatments of Depression and Phobic Anxiety}},
    year = {1989},
    journal = {Behaviour Change},
    author = {Eifert, Georg H. and Craill, Lyn},
    number = {2},
    month = {6},
    pages = {96--103},
    volume = {6},
    url = {https://www.cambridge.org/core/product/identifier/S0813483900007634/type/journal_article},
    doi = {10.1017/S0813483900007634},
    issn = {0813-4839}
}

@phdthesis{Saghafi2009,
    title = {{The relationship of religious self-identification to cultural adaptation among Iranian immigrants and first generation Iranians}},
    year = {2009},
    author = {Saghafi, Nazanin}
}

@article{Warner2010,
    title = {{The risk of assimilating? Alcohol use among immigrant and U.S.-born Mexican youth}},
    year = {2010},
    journal = {Social Science Research},
    author = {Warner, Tara D. and Fishbein, Diana H. and Krebs, Christopher P.},
    number = {1},
    month = {1},
    pages = {176--186},
    volume = {39},
    publisher = {Elsevier Inc.},
    url = {http://dx.doi.org/10.1016/j.ssresearch.2009.07.001 https://linkinghub.elsevier.com/retrieve/pii/S0049089X09000787},
    doi = {10.1016/j.ssresearch.2009.07.001},
    issn = {0049089X},
    keywords = {Acculturation, Alcohol, Assimilation, Hispanic, Immigrant, Mexican, Substance use, Youth}
}

@article{Soriano1999,
    title = {{The role of acculturation in social problem behavior among at-risk adolescents: Introduction of the Pan-Acculturation Scale}},
    year = {1999},
    journal = {Unpublished manuscript},
    author = {Soriano, F.I.}
}

@article{Chen2013,
    title = {{The Role of Dialectical Self and Bicultural Identity Integration in Psychological Adjustment}},
    year = {2013},
    journal = {Journal of Personality},
    author = {Chen, Sylvia Xiaohua and Benet-Mart{\'{i}}nez, Ver√≥nica and Wu, Wesley C. H. and Lam, Ben C. P. and Bond, Michael Harris},
    number = {1},
    month = {2},
    pages = {61--75},
    volume = {81},
    url = {http://doi.wiley.com/10.1111/j.1467-6494.2012.00791.x},
    doi = {10.1111/j.1467-6494.2012.00791.x},
    issn = {00223506},
    pmid = {22582986},
    keywords = {Acculturation, Bicultural Identity Integration, Dialectical self, Globalization, Psychological adjustment}
}

@article{Galchenko2007,
    title = {{The role of perceived cultural distance in the acculturation of exchange students in Russia}},
    year = {2007},
    journal = {International Journal of Intercultural Relations},
    author = {Galchenko, Irina and van de Vijver, Fons J.R.},
    number = {2},
    month = {3},
    pages = {181--197},
    volume = {31},
    url = {https://linkinghub.elsevier.com/retrieve/pii/S0147176706000265},
    doi = {10.1016/j.ijintrel.2006.03.004},
    issn = {01471767},
    keywords = {Acculturation, Exchange students, Perceived cultural distance, Russia}
}

@article{Markovitzky2005,
    title = {{The Role of Symbolic Resources in Coping with Immigration}},
    year = {2005},
    journal = {Journal of Ethnic And Cultural Diversity in Social Work},
    author = {Markovitzky, Gila and Mosek, Atalia},
    number = {1-2},
    month = {2},
    pages = {145--158},
    volume = {14},
    url = {http://www.tandfonline.com/doi/abs/10.1300/J051v14n01_07},
    doi = {10.1300/J051v14n01{\_}07},
    issn = {1531-3204}
}

@article{Becker1990,
    title = {{The Role of the School in the Maintenance and Change of Ethnic Group Affiliation}},
    year = {1990},
    journal = {Human Organization},
    author = {Becker, Adeline},
    number = {1},
    pages = {48--55},
    volume = {49},
    doi = {10.17730/humo.49.1.854566u18586407q},
    issn = {0018-7259},
    keywords = {assimilation, ethnicity, have written exten-, immigrants, ocial scientists and educators, of educational institutions in, portuguese, s most impor-, schools, seen as one of, sively about the role, society, the crea-, tion of national identity}
}

@book{Durkheim1982,
    title = {{The Rules of Sociological Method}},
    year = {1982},
    author = {Durkheim, Emile},
    editor = {Lukes, Steven},
    publisher = {Macmillan Education UK},
    url = {http://link.springer.com/10.1007/978-1-349-16939-9},
    address = {London},
    doi = {10.1007/978-1-349-16939-9}
}

@article{Neto2016,
    title = {{The Satisfaction With Migration Life Scale}},
    year = {2016},
    journal = {International Journal of Intercultural Relations},
    author = {Neto, F√©lix and Fonseca, Ana Cristina Menezes},
    month = {9},
    pages = {47--54},
    volume = {54},
    publisher = {Elsevier Ltd},
    url = {http://dx.doi.org/10.1016/j.ijintrel.2016.07.004 https://linkinghub.elsevier.com/retrieve/pii/S0147176716300268},
    doi = {10.1016/j.ijintrel.2016.07.004},
    issn = {01471767},
    keywords = {Measurement, Migration, Satisfaction, Well-being}
}

@article{Kosic2004,
    title = {{The social cognition of immigrants' acculturation: Effects of the need for closure and the reference group at entry}},
    year = {2004},
    journal = {Journal of Personality and Social Psychology},
    author = {Kosic, Ankica and Kruglanski, Arie W. and Pierro, Antonio and Mannetti, Lucia},
    number = {6},
    pages = {796--813},
    volume = {86},
    doi = {10.1037/0022-3514.86.6.796},
    issn = {00223514}
}

@article{Leclezio1986,
    title = {{The social identity of mauritian immigrants in south africa}},
    year = {1986},
    journal = {Journal of Social Psychology},
    author = {Lecl{\'{e}}zio, M. K. and Louw-Potgieter, J. and Souchon, M. B.S.},
    number = {1},
    pages = {61--69},
    volume = {126},
    doi = {10.1080/00224545.1986.9713571},
    issn = {19401183}
}

@article{Valdes1976,
    title = {{The social readjustment rating questionnaire: A study of Cuban exiles}},
    year = {1976},
    journal = {Journal of Psychosomatic Research},
    author = {Valdes, Thusnelda M. and Baxter, James C.},
    number = {3},
    pages = {231--236},
    volume = {20},
    doi = {10.1016/0022-3999(76)90026-X},
    issn = {00223999}
}

@article{Baranik2018,
    title = {{The stigma of being a refugee: A mixed-method study of refugees' experiences of vocational stress}},
    year = {2018},
    journal = {Journal of Vocational Behavior},
    author = {Baranik, Lisa E. and Hurst, Carrie S. and Eby, Lillian T.},
    month = {4},
    pages = {116--130},
    volume = {105},
    publisher = {Elsevier Inc},
    url = {http://dx.doi.org/10.1016/j.jvb.2017.09.006 https://linkinghub.elsevier.com/retrieve/pii/S0001879117300933},
    doi = {10.1016/j.jvb.2017.09.006},
    issn = {00018791},
    keywords = {Acculturative, Anxiety, Coping mechanism, Depression, Discrimination, Mixed-method, Qualitative, Refugee, Sleep, Stigma, Vocational stressor}
}

@incollection{Alexander2001,
    title = {{The Strong Program in Cultural Theory: Elements of a Structural Hermeneutics}},
    year = {2001},
    booktitle = {Handbook of Sociological Theory},
    author = {Alexander, Jeffrey and Smith, Philip},
    editor = {Turner, J. H},
    pages = {135--150},
    publisher = {Springer US},
    url = {http://link.springer.com/10.1007/0-387-36274-6_7},
    address = {Boston, MA},
    doi = {10.1007/0-387-36274-6{\_}7}
}

@article{Suinn1987,
    title = {{The suinn-lew asian self-identity acculturation scale: An initial report}},
    year = {1987},
    journal = {Educational and Psychological Measurement},
    author = {Suinn, Richard M. and Rickard-Figueroa, Kathryn and Lew, Sandra and Vigil, Patricia},
    number = {2},
    pages = {401--407},
    volume = {47},
    doi = {10.1177/0013164487472012},
    issn = {15523888}
}

@article{Suinn1992,
    title = {{The Suinn-Lew Asian Self-Identity Acculturation Scale: Concurrent and Factorial Validation}},
    year = {1992},
    journal = {Educational and Psychological Measurement},
    author = {Suinn, Richard M. and Ahuna, Carol and Khoo, Gillian},
    number = {4},
    month = {12},
    pages = {1041--1046},
    volume = {52},
    url = {http://hjb.sagepub.com.proxy.lib.umich.edu/content/9/2/183.full.pdf+html http://journals.sagepub.com/doi/10.1177/0013164492052004028},
    isbn = {0893-3200},
    doi = {10.1177/0013164492052004028},
    issn = {0013-1644},
    pmid = {803973233},
    arxivId = {0803973233}
}

@article{Suinn1995,
    title = {{The Suinn-Lew Asian Self-Identity Acculturation Scale: Cross-Cultural Information}},
    year = {1995},
    journal = {Journal of Multicultural Counseling and Development},
    author = {Suinn, Richard M and Khoo, Gillian and Ahuna, Carol},
    number = {3},
    month = {7},
    pages = {139--148},
    volume = {23},
    url = {http://doi.wiley.com/10.1002/j.2161-1912.1995.tb00269.x},
    doi = {10.1002/j.2161-1912.1995.tb00269.x},
    issn = {08838534}
}

@article{Cortes2003,
    title = {{The use of the puerto rican biculturality scale with puerto rican drug users in new york and puerto rico}},
    year = {2003},
    journal = {Journal of Psychoactive Drugs},
    author = {Cort{\'{e}}s, Dharma E. and Deren, Sherry and And{\'{i}}a, Jonny and Col{\'{o}}n, H√©ctor and Robles, Rafaela and Kang, Sung Yeon},
    number = {2},
    pages = {197--207},
    volume = {35},
    doi = {10.1080/02791072.2003.10400001},
    issn = {21599777},
    pmid = {12924742},
    keywords = {Acculturation, Biculturalism, HIV risk, Puerto Ricans, Substance abuse}
}

@article{Testa2019,
    title = {{The Vancouver Index of Acculturation (VIA): New evidence on dimensionality and measurement invariance across two cultural settings}},
    year = {2019},
    journal = {International Journal of Intercultural Relations},
    author = {Testa, Silvia and Doucerain, Marina M. and Miglietta, Anna and Jurcik, Tomas and Ryder, Andrew G. and Gattino, Silvia},
    number = {August 2018},
    month = {7},
    pages = {60--71},
    volume = {71},
    publisher = {Elsevier},
    url = {https://doi.org/10.1016/j.ijintrel.2019.04.001 https://linkinghub.elsevier.com/retrieve/pii/S014717671830350X},
    doi = {10.1016/j.ijintrel.2019.04.001},
    issn = {01471767},
    keywords = {Differential item functioning, Dimensionality, Exploratory factor analysis, Measurement invariance, Psychological acculturation, Rasch model, Vancouver Index of Acculturation}
}

@article{Szapocznik1978,
    title = {{Theory and measurement of acculturation}},
    year = {1978},
    journal = {International Journal of Psychology},
    author = {Szapocznik, J. and Scopetta, M. A. and Kurtines, W. M. and Aranalde, M.},
    pages = {113--130},
    volume = {12}
}

@article{Nguyen1999,
    title = {{Toward a more complex understanding of acculturation and adjustment cultural involvements and psychosocial functioning in Vietnamese youth}},
    year = {1999},
    journal = {Journal of Cross-Cultural Psychology},
    author = {Nguyen, Huong H. and Mess{\'{e}}, Lawrence A. and Stollak, Gary E.},
    number = {1},
    pages = {5--31},
    volume = {30},
    doi = {10.1177/0022022199030001001},
    issn = {00220221}
}

@misc{Bourhis1997a,
    title = {{Towards an interactive acculturation model}},
    year = {1997},
    booktitle = {International Journal of Psychology},
    author = {Bourhis, R. Y. and Moise, L. C. and Perreault, S. and Senecal, S.},
    number = {6},
    pages = {369--386},
    volume = {32},
    doi = {10.1080/002075997400629}
}

@article{Alegria2007,
    title = {{Understanding differences in past year psychiatric disorders for Latinos living in the US}},
    year = {2007},
    journal = {Social Science and Medicine},
    author = {Alegria, Margarita and Shrout, Patrick E. and Woo, Meghan and Guarnaccia, Peter and Sribney, William and Vila, Doryliz and Polo, Antonio and Cao, Zhun and Mulvaney-Day, Norah and Torres, Maria and Canino, Glorisa},
    number = {2},
    pages = {214--230},
    volume = {65},
    doi = {10.1016/j.socscimed.2007.03.026},
    issn = {02779536},
    keywords = {Acculturation, Culture, Epidemiology, Immigrants, Latinos, Psychiatric diagnosis, Race, USA}
}

@article{Ager2008a,
    title = {{Understanding integration: A conceptual framework}},
    year = {2008},
    journal = {Journal of Refugee Studies},
    author = {Ager, Alastair and Strang, Alison},
    number = {2},
    pages = {166--191},
    volume = {21},
    doi = {10.1093/jrs/fen016},
    issn = {09516328},
    keywords = {Citizenship, Culture, Education, Employment, Framework, Health, Housing, Integration, Language, Perceptions, Refugee, Rights, Social connection}
}

@article{Cardenas2017,
    title = {{Understanding the Relation Between Participating in the New Culture and Identification: Two Studies With Latin American Immigrants}},
    year = {2017},
    journal = {Journal of Cross-Cultural Psychology},
    author = {C{\'{a}}rdenas, Diana and de la Sablonni{\`{e}}re, Roxane},
    number = {6},
    pages = {854--873},
    volume = {48},
    doi = {10.1177/0022022117709983},
    issn = {15525422},
    keywords = {acculturation, identification, immigration, integration, participation}
}

@article{Green2014,
    title = {{Understanding transnational political involvement among Senegalese migrants: The role of acculturation preferences and perceived discrimination}},
    year = {2014},
    journal = {International Journal of Intercultural Relations},
    author = {Green, Eva G.T. and Sarrasin, Oriane and Maggi, Jenny},
    month = {7},
    pages = {91--101},
    volume = {41},
    publisher = {Elsevier Ltd},
    url = {http://dx.doi.org/10.1016/j.ijintrel.2014.05.001 https://linkinghub.elsevier.com/retrieve/pii/S014717671400039X},
    doi = {10.1016/j.ijintrel.2014.05.001},
    issn = {01471767},
    keywords = {Acculturation strategies, Collective action, Perceived discrimination, Senegal, Transnational political involvement}
}

@article{Jurcik2015,
    title = {{Unraveling Ethnic Density Eeffects, Acculturation, and Adjustment: The Case of Russian-Speaking Immigrants from the Former Soviet Union}},
    year = {2015},
    journal = {Journal of Community Psychology},
    author = {Jurcik, Tomas and Yakobov, Esther and Solopieieva-Jurcikova, Liza and Ahmed, Rana and Sunohara, Momoka and Ryder, Andrew G.},
    number = {5},
    month = {7},
    pages = {628--648},
    volume = {43},
    url = {http://doi.wiley.com/10.1002/jcop.21708},
    isbn = {0090-4392},
    doi = {10.1002/jcop.21708},
    issn = {00904392},
    pmid = {82335109},
    arxivId = {34},
    keywords = {african-american, american female adolescents, community violence, dating violence, forced sexual intercourse, gender-differences, inner-city, mental-health, risk behavior, urban adolescents}
}

@article{Howell2006,
    title = {{Use of herbal remedies by Hispanic patients: Do they inform their physician?}},
    year = {2006},
    journal = {Journal of the American Board of Family Medicine},
    author = {Howell, Laura and Kochhar, Komal and Saywell, Robert M. and Zollinger, Terrell and Koehler, Julie and Mandzuk, Christina and Sutton, Brittany and Sevilla-Martir, Javier and Allen, Deborah},
    number = {6},
    pages = {566--578},
    volume = {19},
    doi = {10.3122/jabfm.19.6.566},
    issn = {15572625},
    pmid = {17090790}
}

@article{Liou2001,
    title = {{Usefulness of psychosocial theory variables in explaining fat-related dietary behavior in Chinese Americans: Association with degree of acculturation}},
    year = {2001},
    journal = {Journal of Nutrition Education and Behavior},
    author = {Liou, Doreen and Contento, Isobel R.},
    number = {6},
    pages = {322--331},
    volume = {33},
    doi = {10.1016/s1499-4046(06)60354-0},
    issn = {14994046},
    pmid = {12031170},
    keywords = {Chinese Americans, Dietary fat, Psychosocial theory}
}

@article{Dillon2009,
    title = {{Validating the Multidimensional Measure of Cultural Identity Scales for Latinos among Latina mothers and daughters.}},
    year = {2009},
    journal = {Cultural Diversity and Ethnic Minority Psychology},
    author = {Dillon, Frank R. and F{\'{e}}lix-Ortiz, Maria and Rice, Christopher and De La Rosa, Mario and Rojas, Patria and Duan, Rui},
    number = {2},
    month = {4},
    pages = {191--201},
    volume = {15},
    url = {http://doi.apa.org/getdoi.cfm?doi=10.1037/a0015321},
    doi = {10.1037/a0015321},
    issn = {1939-0106},
    pmid = {19364206},
    keywords = {Latina, acculturation, cultural identity, invariance, measurement}
}

@article{Jadalla2013,
    title = {{Validation of Arabic and English Versions of the ARSMA-II Acculturation Rating Scale}},
    year = {2013},
    journal = {Journal of Immigrant and Minority Health},
    author = {Jadalla, Ahlam and Lee, Jerry},
    number = {1},
    pages = {208--216},
    volume = {17},
    doi = {10.1007/s10903-013-9889-2},
    issn = {15571920},
    pmid = {23934518},
    keywords = {ARSAA-II, ARSMA-II, Acculturation, Arab Americans, Culture, Immigrants}
}

@article{Suarez-Morales2007,
    title = {{Validation of the Acculturative Stress Inventory for Children}},
    year = {2007},
    journal = {Cultural Diversity and Ethnic Minority Psychology},
    author = {Suarez-Morales, Lourdes and Dillon, Frank R. and Szapocznik, Jos√©},
    number = {3},
    pages = {216--224},
    volume = {13},
    doi = {10.1037/1099-9809.13.3.216},
    issn = {10999809},
    pmid = {17638478},
    keywords = {Hispanic children, acculturation, acculturative stress, psychometric properties, scale}
}

@article{Bharmal2014,
    title = {{Validity of Temporal Measures as Proxies for Measuring Acculturation in Asian Indian Survey Respondents}},
    year = {2014},
    journal = {Journal of Immigrant and Minority Health},
    author = {Bharmal, Nazleen and Hays, Ron D. and McCarthy, William J.},
    number = {5},
    month = {10},
    pages = {889--897},
    volume = {16},
    url = {http://link.springer.com/10.1007/s10903-013-9837-1},
    doi = {10.1007/s10903-013-9837-1},
    issn = {1557-1912},
    keywords = {Acculturation, Asian Indian, Duration of residence}
}

@article{Chung2000,
    title = {{Vietnamese refugees' levels of distress, social support and acculturation: Implications for mental health counseling}},
    year = {2000},
    journal = {Journal of Mental Health Counseling},
    author = {Chung, Rita Chi-Ying and Bemak, Fred and Wong, Sandra},
    number = {2},
    pages = {150--161},
    volume = {22}
}

@article{Cordero2016,
    title = {{Weight-Related Eating Among Less-Acculturated Latina College Students}},
    year = {2016},
    journal = {Journal of Immigrant and Minority Health},
    author = {Cordero, Elizabeth Diane and Gutierrez, Angelica},
    number = {5},
    pages = {1032--1037},
    volume = {18},
    publisher = {Springer US},
    doi = {10.1007/s10903-016-0387-1},
    issn = {15571920},
    keywords = {Acculturation, Anxiety, Body image, Depression, Latina college students, Stress, Weight-related eating}
}

@phdthesis{Thomas2008,
    title = {{West African immigrants' attitudes toward seeking psychological help}},
    year = {2008},
    author = {Thomas, Damafing Keita}
}

@article{Prislin1998,
    title = {{When acculturation hurts: The case of immunization}},
    year = {1998},
    journal = {Social Science and Medicine},
    author = {Prislin, Radmila and Suarez, Lucina and Simspon, Diane M. and Dyer, James A.},
    number = {12},
    pages = {1947--1956},
    volume = {47},
    doi = {10.1016/S0277-9536(98)00336-0},
    issn = {02779536},
    pmid = {10075238},
    keywords = {Acculturation, Health attitudes, Health beliefs, Immunization, Vaccination}
}

@article{DeLeersnyder2011,
    title = {{Where do my emotions belong? a Study of immigrants' emotional acculturation}},
    year = {2011},
    journal = {Personality and Social Psychology Bulletin},
    author = {de Leersnyder, Jozefien and Mesquita, Batja and Kim, Heejung S.},
    number = {4},
    pages = {451--463},
    volume = {37},
    isbn = {0146167211399},
    doi = {10.1177/0146167211399103},
    issn = {01461672},
    pmid = {21357754},
    keywords = {Acculturation, Culture, Emotion, Emotional similarity, Implicit measure}
}

@incollection{Schmidt2021,
    title = {{Who We Cite: A Reflection on the Limits and Potentials of Critical Citation Practices}},
    year = {2021},
    booktitle = {Doing Diversity in Teaching, Writing, and Research},
    author = {Schmidt, Januschka},
    editor = {Day, Abby and Lee, Lois and Spickard, Jim},
    publisher = {Policy Press Bristol},
    url = {http://hdl.handle.net/11370/c2e8cdb4-1364-4e30-af1f-28ea53e171e4}
}

@article{Evans2014,
    title = {{‚ÄòIt‚Äôs a long way to the Super League‚Äô: The experiences of Australasian professional rugby league migrants in the United Kingdom}},
    year = {2014},
    journal = {International Review for the Sociology of Sport},
    author = {Evans, Adam B. and Stead, David E.},
    number = {6},
    pages = {707--727},
    volume = {49},
    isbn = {1012690212464},
    doi = {10.1177/1012690212464700},
    issn = {14617218},
    keywords = {embodied experiences, figurations, globalization, labour migration, rugby league}
}

@article{Grant2016,
    title = {{‚ÄúCanadian, Eh?‚Äù: An Examination of the Multidimensional Structure and Functions of the National Identity of Immigrants and of Those Raised in Canada}},
    year = {2016},
    journal = {Canadian Ethnic Studies},
    author = {Grant, Peter R.},
    number = {1},
    pages = {45--75},
    volume = {48},
    doi = {10.1353/ces.2016.0008},
    issn = {1913-8253}
}

@article{Sussman2011,
    title = {{‚ÄúPlease extinguish all cigarettes‚Äù: The effects of acculturation and gender on smoking attitudes and smoking prevalence of Chinese and Russian immigrants}},
    year = {2011},
    journal = {International Journal of Intercultural Relations},
    author = {Sussman, Nan M. and Truong, Nhan},
    number = {2},
    month = {3},
    pages = {163--178},
    volume = {35},
    publisher = {Elsevier Ltd},
    url = {http://dx.doi.org/10.1016/j.ijintrel.2010.11.009 https://linkinghub.elsevier.com/retrieve/pii/S0147176710001264},
    doi = {10.1016/j.ijintrel.2010.11.009},
    issn = {01471767},
    keywords = {Acculturation, Chinese immigrants, Russian immigrants, Smoking attitudes, Smoking prevalence}
}