@misc{Kreienkamp2021a,
    author = {Kreienkamp, Jannis and Bringmann, Laura F. and Engler, Raili F. and de Jonge, Peter and Epstude, Kai},
    title = {{The Migration Experience: A Conceptual Framework and Systematic Review of Psychological Acculturation [OSF project: protocol, materials, data, software]}},
    url = {https://osf.io/n587w/?view{\_}only=3e8aed00f2d34942bd5d2f3a710e0de4},
    year = {2021}
}

@misc{Kreienkamp2021b,
author = {Kreienkamp, Jannis and Bringmann, Laura F. and Engler, Raili F. and de Jonge, Peter and Epstude, Kai},
title = {{acculturation-review [Github repository: data, software]}},
url = {https://github.com/JannisCodes/acculturation-review},
year = {2021}
}
