@misc{Kreienkamp2021a,
	title = {The {Migration} {Experience}: {A} {Conceptual} {Framework} and {Systematic} {Scoping} {Review} of {Psychological} {Acculturation} [{OSF} repository: protocol, materials, data, software]},
	url = {https://osf.io/n587w/?view_only=3e8aed00f2d34942bd5d2f3a710e0de4},
	author = {Kreienkamp, Jannis and Bringmann, Laura F. and Engler, Raili F. and de Jonge, Peter and Epstude, Kai},
	year = {2022},
}

@misc{Kreienkamp2021b,
author = {Kreienkamp, Jannis and Bringmann, Laura F. and Engler, Raili F. and de Jonge, Peter and Epstude, Kai},
title = {{acculturation-review [Github repository: data, software]}},
url = {https://github.com/JannisCodes/acculturation-review},
year = {2021}
}





